2747 4376
376 299 451 357 Ὠ
1028 298 1123 347 ΒΕ
1173 298 1404 346 BELLO
1453 296 1771 349 GALLICO
2062 297 2196 347 Car.
2237 300 2454 347 17—20.

376 438 487 497 His
517 441 685 498 rebus
711 459 886 515 quum
932 441 1037 498 iter
1081 442 1326 519 agminis
1367 443 1544 500 nostri
1591 442 1981 517 impediretur,
2012 461 2126 499 non
2173 442 2456 499 omitten-

374 532 509 589 dum
538 532 644 588 sibi
677 532 979 589 consilium
1010 531 1211 591 Nervii
1241 535 1725 593 existimaverunt.

452 623 680 682 XVIII.
738 624 881 682 Loci
931 637 1135 682 natura
1183 637 1305 683 erat
1353 627 1499 697 haec,
1547 645 1719 701 quem
1768 626 1959 682 locum
2009 625 2192 683 nostri
2234 624 2456 682 castris

372 715 718 793 delegerant.
803 716 985 774 Collis
1041 718 1112 774 ab
1166 736 1392 775 summo
1446 717 1740 793 aequaliter
1797 717 2039 775 declivis
2095 717 2182 791 ad,
2221 716 2453 774 flumen

373 807 593 878 Sabim,
640 807 793 883 quod
840 807 1013 884 supra
1056 809 1499 880 nominavimuS,
1556 810 1843 886 vergebat.
1929 809 2024 866 Ab
2071 827 2144 866 eo
2197 808 2451 866 flumine

371 898 495 974 pari
526 899 848 957 acclivitate
888 900 1054 958 collis
1091 901 1433 958 nascebatur
1483 900 1752 958 adversus
1801 900 1938 957 huic
1985 911 2043 958 et
2091 900 2446 970 contrariuS,

370 1008 572 1065 passus
619 991 851 1049 circiter
893 991 1194 1063 ducentos,
1240 991 1438 1049 infima
1495 1003 1743 1068 apertuS,
1801 993 1872 1048 ab
1926 992 2222 1067 superiore
2275 1003 2448 1068 parte

372 1081 664 1154 silvestris,
719 1094 783 1140 ut
833 1102 949 1140 non
1001 1082 1171 1140 facile
1221 1083 1501 1141 introrsus
1546 1083 1794 1159 perspici
1840 1094 2049 1160 posset.
2133 1082 2300 1140 Intra
2343 1102 2454 1141 eas

372 1172 543 1230 silvas
585 1174 776 1232 hostes
804 1175 862 1232 in
890 1174 1124 1232 occulto
1150 1192 1276 1232 sese
1305 1175 1717 1233 continebant:
1761 1175 1822 1232 in
1853 1185 2048 1250 aperto
2073 1175 2207 1232 loco
2233 1193 2447 1232 secun-

373 1264 511 1321 dum
566 1264 780 1323 flumen
827 1285 1027 1342 paucae
1074 1266 1348 1324 stationes
1396 1265 1651 1340 equitum
1706 1266 2063 1323 videbantur.
2146 1265 2444 1323 Fluminis

373 1368 496 1414 erat
538 1356 778 1415 altitudo
816 1357 1028 1434 pedum
1069 1357 1301 1415 circiter
1343 1357 1534 1414 trium.

454 1445 625 1507 XIX.
691 1450 906 1521 Caesar,
971 1450 1228 1524 equitatu
1290 1449 1605 1524 praemisso,
1659 1448 2113 1523 subsequebatur
2164 1447 2440 1506 omnibus

373 1539 588 1614 copiis:
632 1539 733 1598 sed
763 1541 909 1599 ratio
933 1540 1188 1616 ordoque
1230 1540 1477 1618 agminis
1520 1540 1682 1598 aliter
1723 1559 1786 1597 se
1827 1539 2093 1611 habebat,
2125 1559 2194 1597 ac
2238 1539 2437 1616 Belgae

375 1630 446 1687 ad
474 1630 723 1689 Nervios
749 1632 1086 1690 detulerant.
1170 1631 1347 1703 Nam,
1377 1631 1533 1706 quod
1576 1631 1646 1689 ad
1689 1631 1882 1688 hostes
1924 1632 2437 1707 appropinquabat,

374 1723 791 1781 consuetudine
818 1724 924 1781 sua
965 1724 1160 1781 Caesar
1201 1743 1300 1782 sex
1340 1724 1601 1800 legiones
1646 1723 1941 1798 expeditas
1983 1722 2267 1781 ducebat:
2310 1735 2437 1799 post
2492 1794 2501 1805 .

337 1842 346 1849 ·
373 1833 472 1872 eas
497 1815 673 1872 totius
700 1815 987 1872 exercitus
1015 1815 1425 1892 impedimenta
1452 1815 1796 1872 collocarat:
1842 1814 1978 1872 inde
2005 1814 2133 1872 duae
2155 1814 2436 1891 legiones»,
2478 1820 2503 1861 l·

373 1924 500 1980 quae
527 1905 784 1983 proxime
828 1907 1167 1982 conscriptae
1210 1917 1394 1977 erant,
1423 1918 1606 1964 totum
1652 1925 1856 1982 agmen
1899 1906 2267 1978 claudebant,
2295 1926 2440 1983 prae·

373 1996 633 2072 sidioque
662 1998 1084 2074 impedimentis
1111 2009 1289 2056 erant.
1373 1999 1614 2073 Equites
1641 1998 1842 2069 nostri,
1874 2017 2020 2084 cunr
2051 1997 2437 2056 funditoribus

373 2090 794 2166 sagittariisque
823 2089 1035 2147 flumen
1064 2090 1423 2166 transgnessi‚
1448 2109 1580 2147 oum
1600 2082 1860 2167 ,hostium
1889 2089 2147 2168 equitatu
2168 2091 2434 2164 proelium

375 2181 798 2240 commiserunt.
881 2182 1086 2244 Quum
1115 2201 1177 2241 se
1207 2181 1287 2239 illi
1318 2180 1633 2240 identidem
1664 2181 1723 2239 in
1753 2181 1923 2239 silvas
1966 2180 2037 2239 ad
2077 2201 2212 2239 suos
2253 2182 2436 2258 recip-

373 2287 555 2345 erent,
588 2293 655 2331 ac
697 2294 893 2332 rursus
940 2294 1011 2332 ex
1054 2275 1196 2332 silva
1241 2274 1300 2330 in
1349 2286 1575 2332 nostros
1619 2275 1895 2350 impetum
1940 2273 2215 2345 facerent,
2245 2293 2433 2348 neque

374 2366 553 2425 nostri
581 2366 829 2444 longiuS,
859 2366 1029 2441 quam
1060 2385 1229 2444 quem
1260 2366 1330 2422 ad
1381 2365 1554 2423 finem
1601 2377 1867 2441 porrecta
1907 2365 2037 2422 loca
2078 2376 2272 2440 aperta
2310 2384 2434 2441 per-

373 2458 654 2530 tinebant,
685 2460 956 2517 cedentes
987 2458 1208 2532 insequi
1239 2458 1551 2515 auderent:
1596 2458 1825 2515 interim
1861 2456 2118 2533 legiones
2158 2475 2276 2528 sex,
2306 2476 2431 2531 quae

372 2552 570 2627 primae
599 2565 890 2621 venerant,
920 2569 1092 2625 opere
1120 2550 1402 2620 dimenSO,
1432 2559 1620 2606 castra
1657 2545 1882 2606 munire
1908 2543 2234 2624 caeperunt.
2318 2548 2432 2605 Ubi

373 2642 558 2717 prima
587 2642 998 2717 impedimenta
1024 2652 1201 2697 nostri
1231 2641 1520 2699 exercitiis
1563 2641 1632 2697 ab
1675 2640 1784 2711 his,
1813 2640 1911 2715 qui
1956 2640 2015 2697 in
2055 2640 2212 2697 silvis
2256 2640 2432 2697 abditi

375 2733 645 2803 latebant,
675 2734 795 2790 visa
823 2743 974 2802 sunt,
1006 2730 1184 2805 (quod
1213 2741 1440 2807 tempus
1479 2731 1625 2788 inter
1666 2749 1768 2787 eos
1809 2732 2205 2789 committendi
2248 2732 2431 2807 proelii

375 2825 748 2903 convenerat)
780 2824 878 2895 ita,
907 2834 970 2880 ut
999 2823 1146 2879 intra
1173 2821 1342 2879 silvas
1386 2823 1567 2879 aciem
1611 2822 1956 2896 ordinesque
1997 2825 2432 2895 constituerant,

377 2926 546 2990 atque
575 2916 681 2992 ipsi
709 2934 835 2973 sese
876 2915 1370 2983 confirmaverant,
1400 2912 1591 2970 subito
1635 2913 1904 2970 omnibus
1950 2914 2135 2989 copiis
2180 2916 2434 2990 provola-

374 3019 597 3078 verunt,
654 3008 1045 3082 impetumque
1081 3006 1146 3062 ‘in
1192 3016 1418 3062 nostros
1471 3005 1694 3079 equites
1741 3005 2019 3062 fecerunt.
2106 3006 2218 3063 His
2263 3006 2432 3064 facile

373 3100 554 3177 pulsis
583 3119 651 3156 ac
678 3099 1045 3174 proturbatiS,
1076 3097 1400 3154 incredibili
1446 3097 1741 3155 celeritate
1784 3096 1854 3153 ad
1898 3096 2109 3155 flumen
2153 3098 2437 3155 decucur-

377 3202 592 3261 rerunt,
623 3202 685 3248 ut
710 3210 877 3267 paene
905 3210 1023 3248 uno
1049 3201 1305 3265 tempore
1331 3199 1390 3247 et
1420 3189 1490 3246 ad
1513 3189 1683 3246 silvas
1710 3200 1766 3246 et
1797 3189 1855 3246 in
1883 3188 2119 3246 flumine
2145 3200 2203 3247 et
2224 3188 2345 3265 jam
2377 3191 2435 3249 in

376 3282 642 3341 manibus
687 3283 897 3340 nostris
941 3283 1131 3339 hostes
1184 3281 1530 3339 viderentur.
1614 3280 1835 3339 Eadem
1895 3291 2083 3337 autem
2139 3281 2437 3340 celeritate

378 3374 615 3433 adverso
643 3375 790 3432 colle
820 3374 887 3430 ad
918 3385 1112 3430 nostra
1141 3384 1329 3430 castra
1351 3384 1528 3448 atque
1568 3392 1686 3445 e08‚
1718 3372 1813 3448 qui
1855 3372 1912 3430 in
1952 3390 2125 3447 opere
2165 3374 2434 3449 occupati

377 3477 560 3536 erant,
591 3465 1026 3523 contenderunt.

458 3557 596 3615 XX.
655 3556 871 3613 Caesari
919 3557 1114 3613 omnia
1162 3576 1279 3613 uno
1325 3569 1582 3633 tempore
1630 3567 1794 3613 erant
1849 3554 2106 3631 agenda:
2166 3549 2483 3614 vexilluan

378 3649 830 3727 proponendum,
860 3648 1011 3721 quod
1042 3660 1162 3703 erat
1192 3648 1437 3724 insigne,
1467 3666 1643 3721 quum
1676 3645 1746 3702 ad
1777 3665 1933 3702 arma
1964 3645 2229 3702 concurri
2275 3667 2438 3722 opor·

378 3753 561 3800 teret:
604 3740 827 3816 signum
859 3738 998 3795 tuba
1041 3738 1325 3796 dandum:
1372 3739 1444 3795 ab
1481 3756 1653 3812 opere
1695 3737 2002 3793 revocandi
2048 3737 2294 3795 milites:
2338 3740 2435 3813 qui

380 3831 550 3909 paulo
581 3830 809 3907 longius
852 3829 1077 3906 aggeris
1116 3829 1348 3905 petendi
1398 3829 1574 3885 causa
1621 3838 2037 3903 processerant,
2069 3830 2434 3888 arcessendi:

382 3925 537 3980 acies
566 3922 915 3993 instruenda,
947 3921 1157 3978 milites
1197 3918 1558 3988 cohortandi,
1589 3919 1818 3994 signum
1859 3918 2150 3978 dandum:
2195 3939 2435 3993 quarum
