2747 4376
450 262 483 275 l

272 310 443 361 ,οη
481 311 548 372 1.]
620 379 629 387 ·
1024 312 1237 360 Lmen
1281 287 1615 369 Qum'rus.
2305 314 2376 370 71

313 453 639 528 complures
665 472 735 512 ex
765 446 834 511 iis
863 454 1220 512 occiderunt.
1303 454 1516 513 Postea
1543 454 1679 513 vero
1710 454 1883 530 quam
1925 454 2214 528 equitatus
2254 472 2381 511 nos-

314 555 399 601 ter
430 544 490 601 in
520 557 895 621 conspectum
935 547 1112 618 venit,
1142 547 1336 604 hostes
1380 547 1618 622 abjectis
1656 547 1826 605 armis
1868 557 2031 622 terga
2071 556 2378 617 verterunt,

314 655 672 713 magnusque
700 656 899 695 eorum
929 656 1203 695 numerus
1229 650 1315 696 est
1342 640 1589 696 occisus.

395 727 750 786 XXXVIII.
808 730 1004 787 Caesar
1032 741 1262 806 postero
1280 731 1383 806 ‘die
1409 730 1484 788 T.
1505 731 1836 788 Labienum
1864 730 2117 807 legatum
2145 748 2280 787 cum
2309 729 2380 788 iis

317 819 663 896 legionibus»,
693 841 835 896 quas
863 840 934 883 ex
976 822 1276 880 Britannia
1318 823 1642 894 reduxerat,
1673 822 1732 880 in
1762 821 2044 893 Morinos,
2073 821 2172 897 qui
2200 821 2381 880 rebel·

314 910 534 969 lionem
564 912 839 984 fecerant,
867 913 1040 971 misit.
1120 913 1248 975 Qui
1277 932 1454 989 quum
1481 928 1711 990 propter
1752 913 2042 971 siccitates
2083 913 2400 990 paludium·

316 1002 434 1077 quo
465 1021 527 1061 se
567 1004 909 1080 reciperent,
939 1024 1054 1062 non
1098 1005 1394 1077 haberent,
1416 992 1538 1080 >quo
1576 1005 1840 1082 perfugio
1887 1004 2179 1081 superiore
2227 1023 2379 1062 anno

317 1094 548 1152 fuerant
587 1096 697 1166 usi,
726 1115 926 1153 omnes
967 1095 1087 1154 sere
1138 1096 1199 1153 in
1245 1107 1587 1172 potestatem
1633 1096 1877 1154 Labieni
1919 1106 2213 1154 venerunt.
2296 1096 2378 1154 At

313 1184 397 1246 Q.
430 1185 697 1243 Titurius
743 1197 802 1244 et
843 1187 909 1244 L.
958 1187 1151 1259 Cotta,
1178 1188 1375 1265 legati,
1419 1187 1517 1263 qui
1564 1188 1623 1245 in
1666 1187 2068 1264 Menapiorum
2116 1187 2258 1245 fines
2302 1186 2379 1245 le-

316 1275 524 1352 giones
564 1277 863 1349 duxerant,
891 1279 1159 1336 omnibus
1199 1297 1399 1336 eorum
1441 1279 1592 1357 agris
1631 1279 1882 1351 vastatis,
1912 1279 2211 1337 frumentis
2251 1297 2380 1336 suc·

319 1367 480 1439 cisis,
510 1369 768 1426 aedificiis
793 1369 1067 1441 incensis,
1100 1369 1254 1445 quod
1281 1370 1545 1446 Menapii
1573 1389 1635 1429 se
1671 1390 1871 1429 omnes
1913 1370 1971 1429 in
2012 1371 2379 1428 densissimas

318 1459 492 1516 silvas
522 1460 876 1532 abdiderant,
905 1480 968 1519 se
998 1462 1068 1518 ad
1097 1462 1388 1520 Caesarem
1416 1475 1774 1538 receperunt.
1857 1462 2053 1520 Caesar
2083 1462 2142 1519 in
2185 1461 2379 1538 Belgis

317 1552 580 1608 omnium
607 1552 898 1628 legionum
929 1553 1169 1611 hiberna
1197 1553 1511 1611 constituit.
1577 1553 1685 1611 ,Εὸ
1714 1554 1842 1611 duae
1863 1554 2099 1612 omnino
2121 1553 2380 1612 civitates
2407 1626 2412 1631 α
2483 1624 2486 1627 Ἴ

318 1661 391 1700 ex
420 1642 720 1700 Britannia
748 1645 978 1702 obsides
1007 1645 1305 1717 miserunt,
1328 1646 1564 1720 reliquae
1593 1646 1983 1722 neglexerunt.
2070 1645 2182 1703 His
2203 1646 2380 1704 ¹rebus

316 1736 515 1812 gestia,
545 1753 619 1792 ex
642 1735 826 1793 literis
868 1735 1114 1794 Caesaris
1156 1737 1380 1794 dierum
1420 1736 1544 1794 XX
1580 1737 1922 1812 supplicatio
1967 1757 2000 1795 a
2040 1750 2241 1795 senatu
2266 1736 2379 1795 vdc-

316 1838 478 1886 creta
504 1830 607 1885 est.
1226 1830 1227 1833 ’

750 2365 890 2429 DE
967 2365 1350 2430 BELLO
1430 2365 1964 2473 GALLICQ

1141 2569 1430 2662 LIBXER
1487 2570 1569 2623 V.

397 2746 445 2805 1.
501 2746 691 2805 Luclo
732 2746 1013 2818 Domitio,
1058 2746 1251 2821 Appio
1292 2745 1541 2804 Claudio
1580 2746 1933 2817 consulibus,
1964 2745 2269 2805 discedens
2310 2747 2383 2804 ab

320 2837 579 2896 hibernis
606 2837 802 2895 Caesar
830 2838 892 2895 in
918 2838 1167 2909 Italiam,
1196 2848 1261 2895 ut
1297 2838 1603 2912 quotannis
1646 2837 1833 2895 facere
1875 2836 2202 2910 consuerat,
2231 2837 2383 2915 lega-

321 2931 396 2988 tis
423 2930 683 3006 imperat,
711 2949 854 3005 quos
880 2930 1206 3007 legionibus
1232 2929 1587 3005 p1aefecerat,
1617 2939 1723 3000 uti,
1753 2927 1926 3003 quam
1954 2930 2229 3005 plurimas
2255 2949 2383 3006 pos-

322 3032 470 3092 sent,
498 3022 687 3079 hieme
714 3040 887 3079 naves
920 3021 1307 3090 aedificandas,
1336 3032 1670 3095 veteresque
1711 3021 2053 3078 reficiendas
2095 3032 2378 3080 curarent.

324 3113 537 3169 Earum
581 3113 817 3170 modum
868 3114 1224 3186 formamque
1265 3111 1632 3169 demonstrat.
1718 3112 1814 3169 Ad
1857 3113 2209 3170 celeritatem
2249 3133 2383 3170 one-

324 3205 490 3262 randi
532 3205 1054 3279 subductionesque
1084 3202 1256 3279 paulo
1301 3204 1439 3286 facit
1479 3204 1832 3275 humiliores,
1866 3203 2036 3278 quam
2080 3204 2288 3278 quibus
2322 3205 2381 3262 in

324 3307 520 3354 nostro
545 3297 690 3354 mari
718 3296 802 3353 uti
832 3296 1268 3365 consuevimus;
1317 3307 1485 3369 atque
1515 3295 1572 3351 id
1615 3313 1685 3352 eo
1726 3295 1929 3371 magiS,
1959 3294 2113 3369 quod
2152 3309 2381 3372 propter

326 3388 557 3445 crebras
585 3387 1062 3444 commutationes
1090 3398 1331 3444 aestuum
1372 3385 1566 3444 minus
1606 3406 1845 3463 magnos
1886 3387 1965 3444 ibi
2009 3386 2218 3445 fluctus
2258 3389 2380 3446 fieri

326 3490 703 3556 cognoverat:
750 3478 820 3535 ad
849 3497 1026 3536 onera
1051 3475 1129 3540 et‘
1139 3479 1208 3535 ad
1232 3478 1659 3535 multitudinem
1684 3478 2071 3552 jumentorum
2099 3491 2383 3555 transpor-

325 3570 557 3627 tandam
582 3571 756 3646 paulo
784 3571 1035 3640 latioreS,
1065 3569 1238 3644 quam
1266 3570 1476 3644 quibus
1504 3569 1564 3626 in
1591 3570 1826 3643 reliquis
1854 3571 2067 3628 utimur
2109 3573 2375 3629 maribus

327 3662 452 3719 Has
479 3681 677 3719 omnes
705 3655 988 3719 actuarias
1016 3662 1258 3736 imperat
1284 3660 1428 3731 fieri,
1459 3680 1626 3736 quam
1660 3661 1730 3718 ad
1759 3681 1878 3719 rem
1907 3660 2150 3719 multum
2178 3662 2379 3719 humil-

325 3754 434 3811 itas
463 3753 704 3831 adjuvat.
788 3753 895 3824 Ea,
925 3772 1051 3828 quae
1093 3763 1226 3810 sunt
1267 3752 1397 3808 usui
1441 3752 1511 3808 ad
1560 3754 1860 3809 armandas
1906 3771 2099 3812 naves,
2129 3770 2200 3808 ex
2247 3752 2381 3810 His-

323 3845 498 3921 pania
541 3845 823 3921 apportari
859 3844 1038 3921 jubet.
1120 3843 1272 3920 Ipse,
1302 3845 1679 3901 conuentibus
1718 3832 1921 3902 Galhae
1952 3843 2232 3900 citenoris
2256 3863 2382 3918 per-

327 3936 490 4008 actis,
520 3935 579 3994 in
605 3936 902 4012 Illyricum
928 3935 1331 4011 proficiscitur,
1362 3933 1517 4008 quod
1561 3954 1595 3992 a
1633 3935 1876 3992 Pirustis
1916 3933 2216 3990 linitlmam
2257 3954 2379 4010 par-
