2747 4376
335 303 414 361 so
987 298 1084 348 DE
1129 297 1363 347 ussto
1412 276 1734 345 GAmeo
1856 318 1861 324 ·
2008 295 2164 359 [eu.
2197 293 2391 343 21-24

340 445 489 505 citur
543 461 677 501 cum
728 442 1090 519 legionibus:
1159 441 1354 500 locum
1409 440 1624 516 reperit
1677 436 1912 516 egregie
1969 437 2175 495 natura
2234 447 2406 511 atque

339 554 512 612 opere
557 534 880 605 munitum3
934 545 1130 593 tamen
1174 533 1333 590 hunc
1381 532 1606 590 duabus
1654 550 1723 588 ex
1770 531 2030 606 partibus
2070 547 2408 606 oppugnare

341 626 654 685 contendit.
737 625 972 698 Hostes,
1000 625 1288 701 paulisper
1315 623 1543 696 morati,
1573 623 1821 680 militum
1859 631 2185 680 nostrorum
2230 621 2408 696 impe-

341 728 463 775 tum
489 737 605 775 non
633 717 907 789 tulerunt,
930 735 1170 819 seseque
1201 715 1313 774 alia
1341 733 1415 773 ex
1439 725 1602 791 parte
1621 714 1819 790 oppidi
1840 714 2152 791 ejecerunt.
2238 711 2409 789 Mag-

342 828 451 867 nus
477 809 557 867 ibi
585 827 861 866 numerus
885 808 1113 884 pecoris
1153 817 1434 884 repertus,
1463 806 1746 882 multique
1785 806 1847 864 in
1895 805 2033 883 fuga
2073 815 2210 863 sunt
2247 823 2407 861 com-

341 900 607 978 prehensi
637 910 806 976 atque
834 898 1139 959 interfecti.

422 991 625 1050 XXII.
683 992 841 1049 Dum
888 991 1013 1050 haec
1060 990 1121 1049 in
1164 991 1255 1049 his
1295 989 1443 1048 locis
1484 998 1784 1066 geruntur,
1822 988 2289 1046 Cassivellaunus
2331 988 2406 1046 ad

344 1083 639 1155 Cantium,
689 1082 848 1158 quod
890 1101 1017 1141 esse
1061 1083 1132 1140 ad
1170 1100 1330 1140 mare
1377 1078 1551 1157 supra
1605 1080 2138 1151 demonstravimus,
2194 1080 2405 1154 quibus

344 1174 676 1252 regionibus
703 1184 947 1250 quatuor
987 1192 1155 1252 reges
1192 1182 1495 1250 praeerant,
1525 1171 1884 1249 Cingetorix,
1913 1171 2220 1243 Carvilius,
2248 1171 2407 1231 Tax-

346 1265 650 1343 imagulus,
708 1267 996 1343 Segouax,
1051 1266 1298 1324 nuncios
1350 1265 1544 1336 mittit,
1602 1275 1773 1339 atque
1838 1262 1928 1321 his
1980 1262 2240 1338 imperat,
2295 1262 2402 1335 uti,

346 1357 565 1415 coactis
591 1358 858 1416 omnibus
886 1357 1088 1433 copiis,
1119 1367 1307 1415 castra
1345 1356 1573 1414 navalia
1610 1355 1684 1413 de
1724 1354 2034 1430 improviso
2073 1351 2404 1413 adoriantur

348 1459 518 1525 atque
560 1461 908 1527 oppugnent.
990 1448 1043 1508 Ii
1089 1468 1267 1525 quum
1313 1449 1384 1506 ad
1426 1457 1617 1506 castra
1657 1447 1966 1518 venissent,
2008 1447 2209 1518 nostri,
2238 1465 2403 1523 erup-

347 1542 503 1600 tione
544 1542 715 1613 sacta,
746 1542 941 1599 multis
980 1559 1180 1600 eorum
1220 1540 1560 1612 interfectis,
1591 1546 1783 1615 capto·
1801 1538 1975 1596 etiam
2023 1539 2203 1596 nobili
2251 1539 2403 1597 duce

347 1633 719 1710 Lugotorige,
767 1653 903 1691 suos
944 1633 1265 1691 incolumes
1307 1632 1674 1690 reduxerunt.
1759 1631 2244 1702 Cassivellaunus,
2289 1631 2402 1688 hoc

243 1752 260 1771 ι·
345 1724 548 1832 proelio
573 1725 868 1797 nunciat0,
896 1734 982 1783 tot
1022 1723 1381 1782 detrimentis
1422 1724 1693 1799 acceptis,
1725 1723 1957 1781 vastatis
1985 1722 2215 1792 finibuS,
2242 1741 2403 1779 max-

346 1813 462 1873 ime
492 1816 664 1873 etiam
684 1827 976 1891 permotus
995 1816 1320 1874 defectione
1341 1815 1679 1887 civitatium,
1702 1816 1927 1893 legatos
1940 1833 2042 1891 per
2064 1814 2399 1872 Atrebatem

347 1906 676 1964 Commium
704 1907 777 1965 de
805 1907 1096 1965 deditione
1127 1907 1197 1964 ad
1224 1908 1516 1965 Caesarem
1545 1908 1735 1965 mittit.
1819 1907 2016 1965 Caesar
2054 1926 2228 1982 quum
2269 1916 2403 1964 stat-

349 1997 527 2055 uisset
567 1997 818 2056 hiemem
859 1998 919 2056 in
960 1999 1280 2057 continenti
1322 2010 1552 2075 propter
1592 1999 1922 2074 repentinos
1963 1999 2166 2056 Galliae
2213 2009 2402 2056 motus

349 2108 538 2166 agere,
567 2107 756 2164 neque
782 2089 1026 2147 multum
1055 2091 1265 2148 aestatis
1292 2101 1634 2166 superesset,
1661 2101 1836 2167 ³atque
1869 2090 1927 2148 id
1969 2088 2139 2148 facile
2181 2089 2400 2148 extrahi

346 2200 513 2257 posse
558 2180 922 2259 intelligeret,
964 2181 1193 2241 obsides
1241 2183 1502 2258 imperat,
1531 2193 1608 2254 et,
1639 2182 1777 2257 quid
1820 2182 1880 2240 in
1925 2202 2103 2240 annos
2144 2182 2402 2254 singulos

349 2272 645 2350 vectigalis
670 2273 883 2349 populo
910 2274 1183 2334 Romano
1208 2274 1512 2332 Britannia
1535 2275 1830 2350 penderet,
1855 2274 2151 2332 constituit
2175 2295 2188 2331 ε
2232 2274 2402 2332 inter-

348 2365 492 2423 dicit
521 2375 689 2440 atque
717 2365 957 2441 imperat
983 2366 1436 2438 CassivellaunO,
1464 2384 1540 2424 ne
1581 2364 2010 2438 MandubratiO,
2038 2385 2153 2424 neu
2189 2365 2403 2425 Trino-

348 2457 618 2518 bantibus
643 2467 867 2515 noceat.
1384 2511 1391 2522 ,

427 2548 660 2607 XXIII.
715 2548 1032 2607 Obsidibus
1096 2550 1392 2628 acceptis„
1440 2549 1756 2607 exercitum
1818 2550 2045 2607 reducit
2099 2549 2170 2606 ad
2223 2568 2400 2617 mare,

347 2659 522 2698 naves
548 2640 765 2698 invenit
790 2641 1049 2699 refectas.
1135 2641 1248 2698 His
1274 2641 1558 2711 deductiS,
1588 2639 1743 2716 quod
1779 2652 1838 2699 et
1865 2641 2220 2716 captivorum
2247 2660 2403 2718 mag-

346 2750 484 2788 num
539 2750 842 2788 numerum
888 2732 1154 2802 habebat,
1195 2743 1253 2790 et
1298 2732 1589 2790 nonnullae
1651 2742 1988 2807 tempestate
2042 2730 2404 2807 deperierant

347 2840 540 2892 naves,
569 2821 793 2879 duobus
821 2822 1235 2880 commeatibus
1271 2823 1591 2880 exercitum
1632 2834 1921 2898 reportare
1962 2823 2223 2881 instituit.
2308 2823 2404 2880 Ac

349 2913 435 2970 sic
483 2912 714 2984 accidit,
763 2910 847 2970 uti
897 2931 969 2970 ex
1015 2923 1200 2990 tantoX
1218 2914 1451 2970 navium
1494 2933 1754 2986 numerO,
1796 2924 1881 2972 tot
1920 2904 2401 2991 navigationibus,

348 3022 535 3077 neque
563 3004 693 3074 hoc,
721 3021 909 3077 neque
937 3003 1228 3079 superiore
1271 3023 1441 3076 ann0,
1472 3005 1589 3062 ulla
1627 3006 1865 3064 omnino
1903 3006 2083 3076 navis,
2114 3025 2238 3080 quae
2280 3006 2406 3063 mil-

348 3094 457 3152 ites
481 3105 749 3170 portaret,
779 3095 1231 3154 desideraretur:
1278 3106 1333 3153 at
1360 3114 1433 3153 ex
1460 3096 1550 3167 iis,
1580 3115 1706 3170 quae
1738 3097 1936 3155 inanes
1973 3115 2044 3154 ex
2083 3097 2402 3155 continenti

338 3173 422 3242 'ad
449 3204 582 3243 eum
608 3186 1052 3258 remitterentur,
1079 3186 1286 3262 prioris
1314 3187 1672 3245 commeatus
1708 3188 1979 3264 expositis
2019 3188 2316 3267 militibus,
2346 3198 2405 3246 et

349 3295 491 3352 quas
513 3287 713 3351 postea
733 3276 1024 3336 Labienus
1052 3278 1346 3336 faciendas
1367 3289 1667 3336 curaverat
1687 3299 1930 3338 numero
1957 3280 2078 3350 LX,
2099 3298 2403 3355 perpaucas

347 3369 540 3426 locum
569 3379 871 3444 caperent3
915 3370 1147 3444 reliquae
1177 3369 1296 3429 fere
1326 3389 1528 3428 omnes
1554 3367 1945 3446 rejicerentur.
2025 3371 2198 3433 Quas
2225 3390 2401 3446 quum

351 3459 682 3534 aliquandiu
709 3460 905 3517 Caesar
934 3460 1141 3518 frustra
1177 3462 1582 3538 exspectasset,
1611 3481 1687 3521 ne
1729 3464 1877 3521 anni·
1903 3475 2159 3539 tempore
2201 3482 2234 3519 a
2271 3481 2403 3519 nav·

238 3548 248 3558 ’
350 3550 602 3629 igatione
642 3551 1060 3624 excluderetur,
1109 3552 1263 3627 quod
1312 3553 1721 3629 aequinoctium
1769 3555 2017 3624 suberat,
2073 3553 2401 3613 necessario

352 3640 649 3720 angustius
675 3642 886 3700 milites
913 3644 1234 3715 collocavit,
1266 3645 1588 3703 ac·summii
1617 3644 2025 3719 tranquillitate
2066 3645 2401 3717 consecuta,

350 3733 605 3792 secunda
633 3733 796 3824 inita,
824 3753 1001 3809 quum
1030 3734 1306 3807 solvisset,
1336 3736 1555 3813 vigilia,
1581 3735 1768 3811 prima
1794 3735 1933 3792 luce
1952 3745 2162 3792 terram
2194 3737 2401 3814 attigit,

349 3842 663 3899 omnesque
690 3824 1008 3883 incolumes
1033 3844 1207 3882 naves
1234 3827 1517 3901 perduxit.

428 3914 657 3974 XXIV.
714 3916 1027 3974 Subductis
1066 3916 1325 3983 navibus,
1383 3903 1747 3992 concilioque
1792 3916 2092 3977 Gallorum
2135 3920 2400 3976 Samaro-
