2747 4376
1527 202 1564 249 χ

387 315 527 366 cn.
560 315 790 379 εις-π]
1146 315 1362 365 mssa
1405 315 1727 366 marius,
2365 318 2447 379 55

389 477 529 534 que,
558 459 766 534 quibus
794 458 866 516 ad
891 476 1144 536 pugnam
1170 478 1287 517 non
1323 457 1569 517 multum
1610 460 1852 519 Crassus
1877 460 2220 531 confidebat,
2248 459 2449 537 lapidi·

393 550 506 608 bus
531 551 775 625 telisque
801 551 1302 608 subministrandis
1329 562 1389 609 et
1418 551 1489 608 ad
1531 570 1795 628 aggerem
1839 552 2151 627 cespitibus
2190 550 2498 628 compor-s'

391 642 588 699 tandis
614 642 867 717 speciem
908 652 1078 717 atque
1118 644 1447 718 opinionem
1487 643 1862 720 pugnantium
1904 643 2240 719 praeberent,
2269 662 2446 717 quum

394 732 537 790 item
565 734 637 789 ab
663 733 922 790 hostibus
949 743 1276 792 constanter
1318 752 1389 791 ac
1428 753 1546 790 non
1585 734 1785 791 timide
1821 743 2191 812 pugnaretur,
2220 734 2446 809 telaque

390 841 470 882 ex
513 824 647 882 loco
688 825 982 900 superiore
1027 827 1203 882 missa
1244 845 1359 883 non
1404 823 1612 882 frustra
1659 825 2018 895 acciderent;
2060 825 2300 900 equites,
2337 826 2447 882 cir-

395 916 632 973 cumitis
680 912 929 974 hostium
975 916 1198 987 castris,
1239 916 1455 974 Crasso
1499 916 2001 988 renunciaverunt,
2045 923 2060 949 ‘
2083 935 2199 974 non
2241 917 2444 975 eadem

338 1054 346 1061 .
394 1023 524 1064 esse
563 1006 863 1084 diligentia
912 1008 984 1065 ab
1025 1007 1349 1064 decumana
1395 1008 1559 1084 porta
1606 1019 1794 1065 castra
1838 1008 2077 1079 munita,
2106 1008 2446 1084 facilemque

395 1097 616 1155 aditum
657 1097 903 1156 habere!

477 1187 705 1247 XXVI.
761 1189 1024 1261 Crassus,
1065 1188 1323 1263 equitum
1370 1188 1674 1265 praefectos
1721 1190 2076 1262 cohortatus,
2117 1200 2179 1247 ut
2222 1189 2447 1267 magnis

392 1275 649 1356 praemii's
698 1280 1322 1356 pollicitationibusque
1368 1299 1504 1338 suos
1549 1282 1884 1353 excitarent,
1938 1281 2075 1356 quid
2121 1281 2246 1339 fieri
2289 1281 2444 1355 velit,

390 1372 665 1429 ostendit.
745 1372 860 1443 Illi,
888 1382 954 1431 ut
991 1382 1115 1429 erat
1155 1372 1518 1446 imperatum,
1546 1372 1771 1430 eductis
1812 1382 2053 1448 quatuor
2097 1373 2445 1444 cohortibus,

393 1481 546 1537 quae,
573 1464 839 1539 praesidio
867 1464 1081 1529 -castris
1123 1463 1358 1534 relictre,
1391 1463 1597 1520 intritae
1641 1464 1712 1521 ab
1758 1463 1955 1522 labore
2002 1474 2183 1535 erant,
2224 1475 2301 1535 et,
2329 1464 2448 1522 lon-

393 1555 559 1632 giore
586 1555 790 1613 itinere
817 1555 1249 1625 circumductis,
1279 1573 1354 1612 ne
1381 1573 1452 1612 ex
1489 1555 1735 1613 hostium
1782 1556 1987 1617 castris
2026 1556 2285 1632 conspici
2322 1575 2448 1632 pos-

393 1656 545 1718 sent,
573 1646 830 1703 omnium
857 1646 1042 1704 oculis
1068 1644 1470 1721 mentibusqu'e
1498 1647 1569 1703 ad
1608 1665 1860 1724 pugnam
1903 1647 2155 1719 intentis,
2184 1647 2446 1710 celeriter

395 1738 469 1795 ad
500 1756 620 1809 eas,
650 1757 791 1813 quas
830 1738 1096 1808 diximus,
1126 1738 1475 1795 munitiones
1513 1749 1930 1814 pervenerunt3
1977 1750 2165 1814 atque,
2194 1739 2284 1796 his
2320 1748 2476 1814 pro-⁸

393 1830 558 1901 rutis,
585 1828 747 1906 prius
773 1829 833 1887 in
879 1828 1129 1886 hostium
1177 1830 1380 1887 castris
1422 1830 1819 1902 constiterunt,
1849 1829 2022 1906 quam
2061 1828 2232 1906 plane
2275 1831 2347 1887 ab
2376 1830 2446 1888 iis

394 1920 600 1993 videri,
650 1932 766 1993 aut,
811 1920 950 1996 quid
992 1921 1076 1978 rei
1123 1932 1435 1997 gereretur,
1480 1922 1752 1999 cognosci
1795 1933 2001 1998 posset.
2083 1920 2241 1980 Tum
2288 1920 2444 1993 vero,

394 2012 650 2070 clamore
691 2012 763 2070 ab
801 2012 872 2069 ea
913 2023 1076 2087 parte
1120 2012 1332 2083 audito,
1361 2012 1540 2069 nostri
1587 2013 1985 2091 redintegratis
2026 2013 2261 2085 viribus,
2291 2013 2443 2088 quod
2471 2004 2510 2069 ι’(

394 2090 736 2180 plerumque
763 2103 823 2160 in
850 2121 951 2179 spe
977 2104 1230 2161 victoriae
1261 2104 1525 2179 accidere
1553 2106 1874 2176 consuevit?
1894 2102 2083 2162 acrius
2111 2104 2446 2181 impugnare

395 2205 712 2271 coeperunt.
794 2195 1009 2253 Hostes
1059 2196 1309 2270 undique
1363 2182 1761 2268 οἱῐοιισινθιῗίἰ,
1816 2197 2129 2272 desperatis
2180 2197 2446 2255 omnibus

394 2288 588 2358 rebus,
617 2306 680 2345 se
704 2306 806 2363 per
834 2287 1182 2344 munitiones
1208 2287 1478 2363 dejicere,
1507 2298 1565 2344 et
1592 2287 1728 2364 suga
1758 2287 1999 2345 salutern
2029 2300 2224 2362 petere
2264 2287 2447 2345 inten-

396 2380 621 2437 derunt.
700 2378 872 2440 Quos
919 2378 1205 2471 equitatus
1250 2379 1620 2453 apertissimis
1673 2377 1891 2453 campis
1945 2388 2327 2448 consectatuS,
2375 2396 2447 2458 ex

395 2471 640 2528 millium
668 2469 1084 2546 quinquaginta
1110 2465 1370 2540 numero,
1401 2489 1528 2544 quae
1556 2488 1628 2526 ex
1666 2469 1983 2543 Aquitania
2026 2449 2446 2543 Cantabrisque

397 2562 736 2620 convenisse
776 2560 1093 2631 constabat,
1123 2560 1216 2616 vix
1259 2560 1462 2635 quarta
1501 2571 1663 2636 parte
1703 2559 1927 2631 relicta,
1954 2560 2135 2617 multa
2174 2570 2344 2617 nocte
2383 2578 2445 2618 se

399 2653 458 2710 in
488 2664 675 2710 castra
700 2651 951 2727 recepit„

476 2742 735 2801 XXVII.
792 2742 926 2799 Hac
971 2742 1166 2800 audita
1218 2742 1436 2819 pugna,
1490 2742 1738 2799 maxima
1778 2761 1910 2819 pars
1952 2742 2279 2817 Aquitaniae
2320 2762 2445 2801 sese

398 2835 610 2892 Crasso
636 2834 872 2905 dedidit,
901 2834 1242 2908 obsidesque
1271 2834 1421 2890 ultro
1447 2833 1638 2891 misit:
1681 2852 1795 2908 quo
1836 2833 1896 2891 in
1936 2852 2177 2891 numero
2215 2834 2446 2894 suerunt

397 2926 677 2998 Tarbelli,
726 2925 1113 3003 Bigerrimoe,
1154 2924 1443 2995 Preciani,
1483 2924 1756 2994 Vocates,
1796 2923 2131 2996 Tarusates,
2162 2924 2443 2998 Elusates,

396 3019 643 3089 GariteS,
672 3019 877 3088 Ausci,
904 3017 1206 3087 Garumni,
1238 3016 1564 3086 SibuzateS,
1588 3015 1917 3074 Cocosates.
2000 3015 2210 3074 Paucae
2233 3017 2445 3075 ultimae

397 3111 677 3181 nationes,
708 3109 843 3166 anni
870 3118 1126 3184 tempore
1153 3107 1404 3202 confisae,
1434 3105 1589 3182 quod
1617 3106 1801 3165 hiems
1836 3108 2086 3179 suberat,
2114 3108 2227 3165 hoc
2256 3108 2447 3167 facere

397 3202 786 3279 neglexerunt.

474 3291 766 3350 XXVIII.
823 3290 1046 3348 Eodem
1074 3288 1193 3348 fere
1221 3299 1478 3366 tempore
1505 3289 1723 3361 Caesar,
1753 3290 1860 3347 etsi
1888 3308 2065 3367 prope
2093 3265 2295 3348 exacta
2328 3291 2446 3367 jam

396 3394 561 3443 aestas
588 3393 727 3454 erat,
749 3394 963 3453 tamen,
986 3379 1160 3457 quod,
1183 3381 1340 3439 omni
1366 3381 1576 3438 Gallia
1584 3382 1812 3457 pacata,
1836 3381 2053 3439 Morini
2076 3381 2448 3458 Menapiique

397 3486 749 3551 supererant,
779 3475 877 3550 qui
908 3474 966 3531 in
997 3474 1167 3531 armis
1194 3484 1405 3544 essent,
1434 3491 1622 3546 neque
1651 3472 1722 3531 ad
1763 3490 1896 3530 eum
1938 3492 2190 3547 unquam
2231 3474 2448 3549 legatos
2477 3472 2526 3523 Ἃ

397 3568 470 3625 de
494 3584 640 3643 pace
676 3566 982 3636 misissent,
1014 3566 1316 3622 arbitratus
1359 3564 1417 3622 id
1462 3563 1673 3621 bellum
1718 3564 1980 3628 celeriter
2023 3563 2234 3621 confici
2258 3581 2446 3639 posse,

398 3658 469 3717 eo
498 3658 812 3716 exercitum
842 3656 1112 3713 adduxit:
1156 3656 1254 3731 qui
1294 3653 1468 3732 longe
1514 3655 1624 3713 alia
1666 3656 1906 3726 ratione,
1938 3674 2007 3712 ac
2042 3654 2247 3728 reliqui
2273 3653 2447 3723 Galli,

400 3751 611 3808 bellum
656 3767 825 3826 agere
868 3748 1253 3806 instituerunt.
1335 3746 1491 3804 Nam
1539 3745 1695 3821 quod
1737 3746 2133 3822 intelligebant
2174 3745 2450 3802 maximas

397 3845 678 3915 nationes,
722 3863 848 3919 quae
888 3843 1089 3919 prcelio
1132 3842 1582 3911 contendissent,
1610 3840 1803 3915 pulsas
1849 3848 2254 3914 superatasque
2302 3856 2446 3908 esse,

400 3937 874 4010 continentesque
901 3935 1069 3992 silvas
1099 3953 1167 3991 ac
1192 3934 1433 4010 paludes
1460 3932 1766 4001 habebant,
1796 3929 1866 3987 eo
1897 3947 1959 3986 se
2000 3948 2215 4003 suaque
2252 3930 2446 3986 omnia
