2747 4376
344 311 513 366 Ciuis
532 318 765 381 ⁷7-79.]
1085 306 1313 365 ΜΒΕΒ·
1346 315 1719 367 SEPTIMUS.
2327 319 2436 378 147

343 458 619 532 Facere,
648 461 796 535 quod
837 462 1017 519 nostri
1060 460 1302 537 majores
1341 468 1705 536 nequaquam
1739 460 1864 536 pari
1894 459 2045 518 bello
2072 459 2439 519 Cimbrorum

339 549 825 627 Teutonumque
887 552 1181 623 fecerunt}
1239 552 1337 627 qui
1396 553 1456 610 in
1509 552 1720 628 oppida
1787 553 2089 629 compulsi,
2135 571 2203 610 ac
2264 553 2438 612 simili

342 642 572 718 inopia
614 645 858 715 subacti,
889 663 1088 702 eorum
1132 645 1487 720 corporibuS,
1517 645 1615 719 qui
1657 655 1822 702 aetate
1863 645 2095 702 inutiles
2124 644 2196 703 ad
2224 645 2437 703 bellum

341 734 737 807 videbantur,
782 737 951 794 vitam
994 737 1399 803 toleraverunt,
1432 754 1620 811 neque
1659 755 1722 794 se
1762 737 2021 794 hostibus
2059 737 2434 796 tradiderunt.

342 826 562 903 Cujus
602 829 683 886 rei
725 828 772 885 si
815 829 1137 904 exemplum
1178 847 1294 885 non
1337 828 1697 899 haberemuS,
1725 841 1918 887 tamen
1953 829 2232 888 libertatis
2258 830 2435 889 causi

342 917 600 978 institui
630 931 687 978 et
713 920 953 996 posteris
992 919 1156 996 prodi
1197 919 1645 996 pulcherrimum
1683 921 2021 996 judicarem.
2104 921 2258 980 Nam
2296 921 2434 998 quid

345 1009 444 1068 illi
498 1012 692 1069 simile
736 1012 883 1069 bello
924 1012 1069 1069 fuit'l
1151 1011 1516 1086 Depopulata
1569 1012 1780 1083 Gallia,
1823 1012 2068 1086 Cimbri,
2110 1015 2436 1092 magnaque

346 1101 539 1161 illata
567 1103 910 1175 calamitate,
940 1103 1149 1161 finibus
1189 1103 1423 1178 quidem
1449 1104 1657 1162 nostris
1700 1105 2008 1180 aliquando
2047 1119 2433 1179 excesserunt,

348 1205 552 1270 atque
582 1195 722 1252 alias
748 1207 927 1254 terras
954 1196 1272 1272 petierunt3
1308 1196 1460 1272 jura,
1489 1196 1666 1273 leges,
1699 1215 1883 1273 agr08‚
1912 1197 2232 1256 libertatem
2269 1199 2436 1257 nobis

346 1287 766 1362 reliquerunt:
811 1286 1065 1345 Romani
1106 1286 1239 1345 vero
1282 1287 1420 1362 quid
1461 1298 1664 1363 petunt
1704 1288 1881 1360 aliud,
1912 1298 2011 1346 aut
2051 1289 2189 1365 quid
2218 1290 2433 1363 volunt,

348 1379 491 1436 nisi
536 1379 750 1437 invidia
793 1379 1043 1451 adducti,
1073 1399 1215 1455 quos
1259 1380 1410 1438 fama
1452 1380 1674 1437 nobiles
1713 1391 2089 1456 potentesque
2125 1380 2277 1438 bello
2304 1400 2437 1458 cog-

351 1483 683 1542 noverunt,
726 1472 926 1529 horum
970 1471 1029 1528 in
1073 1472 1224 1548 agris
1278 1472 1721 1546 civitatibusque
1775 1471 2077 1529 considere
2132 1483 2301 1546 atque
2347 1472 2437 1531 his

354 1574 653 1621 aeternam
698 1564 993 1640 injungere
1033 1564 1402 1621 servitutem?
1445 1581 1633 1637 neque
1673 1562 1826 1620 enim
1871 1582 2122 1638 unquam
2161 1564 2273 1622 alia
2303 1582 2438 1622 con·

356 1655 777 1713 ditione.bella
803 1667 1116 1732 gesserunt.
1196 1655 1382 1717 Quod
1410 1655 1457 1712 si
1485 1674 1573 1725 ea,
1605 1673 1731 1730 quae
1762 1655 1821 1713 in
1848 1656 2177 1733 longinquis
2216 1656 2438 1715 nation-

361 1746 512 1804 ibus
551 1759 847 1824 geruntur,
890 1747 1195 1824 ignoratis;
1239 1747 1509 1823 respicite
1550 1747 1849 1806 finitimam
1902 1748 2171 1822 Galliam,
2205 1768 2332 1824 quae
2374 1749 2434 1808 in

360 1838 735 1915 provinciam
801 1839 1053 1910 redacta,
1100 1839 1230 1916 jure
1289 1850 1347 1897 et
1398 1839 1625 1916 legibus
1692 1842 2077 1914 commutatis,
2133 1842 2436 1900 securibus

344 1931 661 2007 subjecta,
689 1931 963 2007 perpetua
990 1931 1265 2008 premitur
1297 1931 1623 1990 servitute.’'

460 2021 801 2100 LXXVIII.
886 2023 1200 2081 Sententiis
1241 2022 1413 2081 dictis
1453 2024 1830 2097 constituunt,
1859 2036 1942 2097 ut,
1971 2044 2069 2101 qu.
2107 2025 2436 2084 valetudine

372 2125 481 2173 aut
536 2125 701 2172 aetate
756 2115 987 2173 inutiles
1040 2127 1173 2174 sunt
1226 2115 1397 2187 bello,
1426 2116 1637 2193 oppido
1690 2117 1992 2190 excedant,
2024 2129 2195 2194 atque
2240 2117 2438 2176 omnia

370 2205 541 2285 prius
581 2208 961 2284 experiantur,
991 2206 1163 2284 quarn
1208 2208 1279 2265 ad
1308 2208 1633 2285 Critognati
1675 2210 2017 2267 sententiam
2046 2209 2433 2268 descendant:

376 2300 484 2359 illo
524 2310 712 2357 tamen
754 2299 945 2376 potius
984 2300 1261 2358 utendum
1303 2301 1565 2372 consili0,
1594 2301 1642 2358 si
1686 2319 1776 2358 res
1803 2313 1975 2377 cogat
2017 2318 2186 2375 atque
2227 2299 2437 2359 auxilia

378 2402 695 2464 morentur,
718 2390 890 2467 quam
916 2403 1011 2449 aut
1028 2392 1337 2450 deditionis
1354 2404 1451 2451 aut
1471 2392 1633 2468 pacis
1652 2391 2008 2449 subeundam
2028 2390 2436 2449 conditionem.

379 2482 707 2555 Mandubii,
729 2483 827 2559 qui
854 2503 952 2542 eos
978 2484 1189 2560 oppido
1215 2496 1571 2560 receperant,
1596 2502 1730 2541 cum
1753 2483 1952 2540 liberis
1976 2494 2144 2558 atque
2167 2482 2440 2541 uxoribus

379 2576 541 2635 exire
580 2586 881 2653 coguntur.
965 2576 1067 2648 Hi,
1096 2595 1273 2651 quum
1304 2576 1375 2633 ad
1419 2576 1769 2633 munitiones
1809 2574 2208 2632 Romanorum
2250 2593 2441 2634 acces-

379 2669 608 2740 sissent,
640 2668 839 2726 flentes
878 2668 1144 2726 omnibus
1183 2667 1455 2744 precibus
1493 2668 1754 2739 orabant,
1783 2678 1846 2725 ut
1883 2684 1967 2738 se,
2007 2666 2067 2724 in
2108 2666 2439 2726 servitutem

379 2773 664 2835 receptori,
687 2761 820 2818 cibo
840 2760 1118 2835 juvarent.
1205 2760 1285 2818 At
1313 2758 1530 2831 Caesar,
1559 2759 1848 2836 dispositis
1876 2760 1936 2817 in
1967 2760 2113 2818 vallo
2140 2759 2438 2832 custodiis,

379 2851 564 2927 recipi
596 2852 946 2928 prohibebat.

465 2943 747 3003 LXXIX.
831 2943 1061 3002 Interea
1088 2937 1409 3014 CommiuS,
1438 2954 1495 3001 et
1522 2942 1726 3018 reliqui
1754 2944 1952 3015 duces,
1982 2944 2190 3019 quibus
2216 2963 2442 3003 summa
2469 2939 2475 2947 ’

382 3036 610 3112 imperii
649 3036 925 3113 permissa
959 3046 1101 3107 erat,
1131 3054 1264 3093 cum
1293 3036 1560 3094 omnibus
1588 3036 1771 3111 copiis
1802 3036 1872 3093 ad
1900 3035 2157 3094 Alesiam
2185 3036 2442 3112 perveni·

383 3142 512 3199 unt,
539 3138 595 3185 et
648 3128 796 3186 colle
836 3128 1117 3186 exteriore
1171 3138 1475 3203 occupat0,
1505 3147 1622 3184 non
1677 3126 1905 3203 longius
1946 3126 2010 3184 M
2053 3129 2314 3205 passibus
2370 3128 2443 3187 ab

384 3220 593 3278 nostris
619 3218 1037 3278 munitionibus
1058 3218 1383 3278 considunt.
1467 3219 1705 3278 Postero
1733 3219 1827 3276 die
1855 3219 2112 3293 equitatu
2140 3238 2211 3277 ex
2238 3219 2443 3278 castris

386 3313 615 3384 eductu,
645 3331 873 3370 omnem
903 3330 1030 3370 eam
1060 3310 1379 3387 planitiem,
1408 3330 1580 3385 quam
1607 3311 1668 3369 in
1696 3311 2114 3387 longitudinem
2142 3310 2234 3369 III
2261 3311 2444 3369 millia

383 3423 655 3482 passuum
683 3414 879 3479 patere
906 3402 1440 3474 demonstravimuS,
1471 3403 1781 3480 complent,
1809 3402 2217 3478 pedestresque
2246 3401 2442 3479 copias

382 3495 620 3573 paulam
670 3496 741 3554 ab
788 3514 860 3553 eo
904 3495 1034 3552 loco
1084 3495 1305 3552 abditas
1347 3493 1407 3551 in
1450 3493 1593 3551 locis
1635 3493 2025 3570 superioribus
2066 3494 2440 3553 constituunt.

385 3575 527 3646 Erat
555 3606 623 3645 ex
652 3587 861 3663 oppido
889 3586 1090 3644 Alesia
1131 3586 1437 3661 despectus
1466 3586 1526 3643 in
1555 3604 1838 3661 campum.
1922 3585 2323 3653 concurritur,
2354 3582 2443 3639 his

386 3679 615 3738 auxiliis
643 3679 808 3736 visis:
864 3678 927 3735 fit
955 3677 1262 3755 gratulatio
1302 3677 1449 3735 inter
1478 3696 1595 3749 eOS,
1641 3689 1810 3752 atque
1850 3677 2109 3735 omnium
2153 3672 2328 3732 animi
2372 3671 2443 3729 ad

381 3772 642 3832 laetitiam
698 3770 1035 3828 excitantur.
1116 3769 1339 3844 Itaque,
1383 3769 1679 3845 productis
1734 3768 1938 3844 copiis,
1987 3777 2118 3824 ante
2169 3762 2442 3840 oppidum

383 3862 718 3933 considunt,
746 3871 803 3919 et
842 3861 1155 3936 proximam
1201 3860 1406 3919 fossam
1439 3861 1694 3919 cratibus
1720 3860 2005 3935 integunt,
2037 3867 2208 3931 atque
2236 3870 2446 3932 aggere

383 3954 640 4031 explent,
668 3969 843 4027 seque
872 3952 938 4009 ad
969 3954 1325 4029 eruptionem
1359 3962 1528 4026 atque
1556 3968 1755 4009 omnes
1784 3964 1953 4006 casus
1980 3957 2312 4024 comparant
2409 3971 2413 3976 ’
