2747 4376
323 294 435 353 136
968 289 1066 342 m:
1110 289 1343 341 BELLO
1390 289 1710 341 GALLICO
1984 289 2145 356 [Ου’.
2176 290 2384 341 53-55.

315 433 491 504 tibus,
521 435 692 493 tertio
718 435 814 493 die
843 434 915 491 ad
943 433 1157 494 flumen
1187 434 1395 494 Elaver
1421 444 1658 511 pontem
1697 434 1920 506 refecit,
1951 445 2126 509 atque
2164 432 2384 492 exerci·

317 537 437 584 tum
466 528 802 584 transduxit.

397 618 550 676 le.
609 618 698 688 Ilii
726 639 756 674 a
789 618 1152 677 Viridomaro
1181 629 1349 693 atque
1380 615 1772 695 Eporedorige
1801 618 2012 686 AEduis
2042 618 2365 694 appellatus

316 709 487 767 discit
534 729 667 767 cum
714 711 871 768 omui
915 711 1175 785 equitatu
1219 711 1545 768 Litavicum
1594 711 1664 767 ad
1714 709 2110 769 sollicitandos
2152 710 2382 770 AEduos

315 801 634 876 profectum
663 820 789 859 esse
814 821 827 858 :
870 821 1014 877 opus
1041 820 1168 860 esse
1195 813 1251 860 et
1281 802 1433 877 ipsos
1459 802 1787 878 praecedere
1817 803 1888 858 ad
1925 802 2379 870 confirmandam

316 893 623 949 civitatem.
708 893 834 951 Etsi
863 894 1057 951 multis
1091 893 1218 969 jam*
1237 895 1410 951 rebus
1436 893 1735 969 perfidiam
1763 893 2087 951 AEduorum
2114 913 2378 970 perspec-

314 993 432 1041 tam
483 983 747 1055 habebat,
797 998 968 1059 atque
1017 985 1219 1042 horum
1274 984 1532 1042 discessu
1590 985 1938 1043 admaturari
1992 986 2376 1044 defectionem

316 1075 564 1132 civitatis
592 1077 984 1147 existiinabat3
1028 1087 1220 1135 tamen
1248 1095 1349 1134 eos
1376 1077 1706 1134 retinendos
1747 1096 1865 1135 non
1899 1078 2145 1149 censuit,
2174 1096 2250 1135 ne
2279 1089 2374 1137 aut

314 1164 528 1225 inferre
581 1167 846 1244 injuriam
902 1168 1208 1239 videretur,
1251 1178 1349 1225 aut
1388 1168 1527 1226 dare
1571 1168 2090 1247 timoris‘aliquam
2133 1170 2374 1246 suspici·

312 1277 502 1316 onem.
613 1259 1062 1318 Discedentibus
1129 1260 1219 1317 his
1285 1260 1532 1318 breviter
1598 1279 1705 1317 sua
1763 1260 1824 1317 in
1892 1260 2119 1318 AEduos
2170 1273 2374 1319 merita

314 1350 585 1425 exponit:
644 1350 854 1413 ‘Quos
906 1361 965 1408 et
1016 1351 1190 1426 quam
1239 1351 1486 1413 humiles
1541 1351 1879 1427 accepisset,
1929 1353 2256 1428 compulsos
2313 1352 2372 1411 in

312 1442 544 1518 oppida,
572 1443 841 1500 multatos
871 1442 1041 1519 agriS,
1068 1443 1339 1500 omnibus
1370 1443 1583 1518 ereptis
1623 1443 1825 1519 copiis,
1856 1443 2125 1519 imposito
2163 1444 2375 1521 stipen-

313 1533 431 1605 dio,
480 1534 778 1592 obsidibus
821 1534 1045 1592 summi
1093 1553 1228 1593 cum
1273 1534 1626 1591 contumelia
1674 1534 1942 1605 extortis3
1992 1544 2051 1592 et
2091 1554 2263 1611 quam
2313 1537 2372 1594 in

315 1625 601 1684 fortunam
654 1645 940 1700 quamque
969 1626 1028 1684 in
1073 1625 1508 1701 amplitudinem
1549 1626 1896 1698 deduxisset,
1925 1637 1990 1684 ut
2029 1646 2144 1685 non
2185 1626 2374 1686 selum

314 1715 372 1772 in
403 1717 706 1791 pristinum
740 1728 950 1774 statum
992 1716 1296 1788 redissent,
1326 1717 1427 1775 sed
1467 1718 1723 1775 omnium
1766 1728 2088 1793 temporum
2128 1719 2374 1797 dignita-

287 1818 427 1865 .tem
466 1820 524 1865 et
567 1808 808 1885 gratiam
854 1808 1230 1866 antecessisse
1272 1808 1637 1866 viderentur-‚³
1721 1808 1836 1867 His
1878 1810 2027 1867 datis
2066 1813 2371 1884 mandati-⁶1,

312 1917 413 1957 eos
442 1900 513 1955 ab
541 1918 602 1956 se
631 1899 863 1957 dimisit.
1606 1966 1629 1974 κ

391 1990 514 2048 LV.
574 1991 984 2048 Noviodunum
1014 2000 1137 2049 erat
1162 1991 1438 2067 oppidum
1465 1991 1810 2064 AEduorum,
1842 1993 1913 2050 ad
1952 1993 2106 2070 ripas
2146 1994 2373 2072 Ligeris

311 2096 634 2157 opportuno
676 2083 807 2140 loco
851 2083 1119 2158 positum.
1202 2083 1341 2140 Huc
1386 2083 1581 2141 Caesar
1627 2103 1829 2142 omnes
1869 2086 2100 2146 obsides
2143 2087 2370 2161 Galliae,

253 2199 258 2205 ’
313 2174 683 2246 frumentum,
726 2174 1032 2252 pecuniam
1080 2174 1393 2251 publicam,
1443 2194 1678 2233 suorum
1725 2187 1895 2253 atque
1937 2177 2224 2237 exercitiis
2269 2179 2373 2237 im·

309 2268 768 2343 pedimentorum
818 2286 1085 2344 magnam
1125 2278 1345 2342 partem
1395 2268 1749 2327 contulerat:
1792 2269 1908 2326 huc
1949 2289 2222 2347 magnum
2268 2292 2373 2329 nu-

313 2379 534 2418 merum
578 2378 878 2436 equorum,
923 2358 1093 2435 hujus
1136 2358 1271 2416 belli
1316 2360 1493 2416 causa
1540 2359 1600 2417 in
1647 2358 1816 2418 Italia
1866 2372 2036 2435 atque
2084 2362 2370 2438 Hispania

312 2457 661 2528 coeinptum,
706 2451 965 2509 miserat.
1076 2448 1165 2507 Εὸ
1220 2469 1399 2525 quum
1447 2451 1805 2526 Eporedorix
1853 2453 2371 2530 Viridomarusque

312 2546 619 2615 venissent,
648 2554 706 2601 et
733 2543 808 2600 de
834 2553 984 2599 statu
1011 2541 1262 2599 civitatis
1290 2543 1713 2619 cognovissent,
1743 2543 2067 2602 Litavicum
2097 2545 2369 2605 Bibracte

312 2636 383 2693 ab
415 2635 621 2692 AEduis
648 2646 965 2709 receptum,
994 2634 1147 2708 quod
1176 2645 1263 2691 est
1289 2633 1563 2709 oppidum
1593 2635 1744 2710 apud
1787 2653 1889 2693 eos
1929 2636 2192 2695 maximae
2235 2657 2369 2697 auc-

310 2728 575 2797 toritatis,
648 2724 1171 2783 Convictolitanem
1237 2727 1633 2802 magistratum
1700 2745 2083 2804 magnamque
2146 2742 2365 2805 partem

310 2818 561 2877 Senatus
612 2818 680 2875 ad
729 2825 861 2874 eum
911 2817 1269 2888 convenisse,
1318 2817 1538 2894 legatos
1585 2817 1658 2875 ad
1704 2817 2240 2898 Vercingetorigem
2293 2823 2366 2881 de

307 2928 453 2987 pace
496 2920 555 2968 et
599 2909 854 2966 amicitia
903 2908 1272 2966 concilianda
1317 2907 1552 2986 publice
1599 2909 1832 2980 missos;
1876 2929 1990 2969 non
2033 2915 2367 2988 praetermit-

309 3002 544 3059 tendum
573 3011 795 3058 tantum
825 2999 1191 3057 commodum
1232 3000 1715 3060 existimaverunt.
1797 3000 2020 3077 Itaque,
2051 3005 2366 3064 interfectis

308 3091 643 3149 Novioduni
673 3082 1029 3162 custodibus,
1060 3092 1273 3168 quique
1299 3088 1370 3149 eo
1409 3092 1743 3168 negotiandi
1787 3104 1886 3151 aut
1923 3094 2146 3153 itineris
2188 3098 2364 3154 causa

308 3193 715 3255 convenerant,
752 3182 1059 3258 pecuniam
1102 3193 1272 3258 atque
1314 3201 1494 3258 equos
1535 3183 1682 3241 inter
1722 3202 1786 3241 se
1824 3186 2017 3261 partiti
2056 3196 2225 3257 sunt3
2268 3188 2368 3245 ob-

308 3274 462 3333 sides
504 3274 801 3332 civitatum
826 3274 1113 3349 *Bibracte
1156 3274 1226 3331 ad
1273 3273 1671 3351 magistratum
1718 3275 2089 3334 deducendos
2132 3297 2366 3337 curave-

307 3377 474 3438 runt3
516 3367 810 3443 oppidum,
851 3364 1004 3441 quod
1049 3366 1119 3422 ab
1160 3384 1223 3423 se
1269 3364 1454 3423 teneri
1510 3384 1627 3422 non
1680 3385 1849 3441 posse
1890 3368 2247 3443 judicabant,
2290 3390 2363 3428 ne

309 3460 404 3517 cui
454 3469 604 3518 esset
649 3458 779 3515 usui
824 3456 1127 3527 Romanis,
1176 3456 1592 3528 incenderunt3
1650 3457 1919 3517 frumenti
1969 3460 2125 3534 quod
2173 3461 2361 3519 subito

306 3562 636 3629 potuerunt,
664 3550 907 3607 navibus
936 3559 1262 3618 avexerunt,
1292 3548 1575 3624 reliquum
1606 3548 1844 3608 flumine
1883 3561 2052 3625 atque
2094 3552 2361 3611 incendic

310 3653 718 3720 corruperunt3
764 3641 870 3716 ipsi
900 3658 971 3698 ex
998 3639 1256 3696 finitimis
1277 3640 1610 3716 regionibus
1632 3641 1828 3716 copias
1849 3660 2077 3719 cogere,
2100 3643 2362 3719 praesidia

310 3736 711 3809 custodiasque
742 3733 813 3790 ad
840 3732 993 3808 ripas
1020 3730 1245 3806 Ligeris
1273 3731 1596 3806 disponere,
1627 3733 2061 3808 equitatumque
2098 3737 2363 3794 omnibus

308 3828 473 3898 locis,
504 3825 798 3903 injiciendi
827 3822 1048 3881 timoris
1075 3819 1271 3891 causa,
1300 3833 1588 3881 ostentare
1615 3835 1933 3899 coeperunt,
1962 3826 2012 3882 si
2055 3827 2126 3883 ab
2163 3846 2225 3885 re
2254 3827 2363 3886 fru-

309 3917 587 3976 mentaria
618 3916 917 3973 Romanos
943 3910 1269 3980 excludere,
1297 3909 1426 3986 [aut
1453 3911 1732 3971 adductos
1752 3914 1946 3991 inopia
1969 3934 2040 3973 ex
2066 3918 2363 3992 provincii
