2747 4376
372 266 480 323 132
1015 263 1112 314 m:
1156 262 1392 313 nunno
1439 259 1759 314 Gannico
2027 266 2191 331 [eu.
2222 266 2416 314 «ιιι-ιε,

365 405 740 482 civitatesque
795 406 1045 482 reliquas
1097 405 1486 484 legationibus
1543 406 1868 465 sollicitant.
1975 408 2135 470 Quae
2204 406 2436 464 tametsi

363 497 559 554 Caesar
609 499 981 575 intelligebat,
1020 511 1232 570 tamen,
1273 497 1447 574 quam
1498 497 1797 556 mitissime
1838 510 2045 574 potest,
2074 500 2297 576 legatos
2339 518 2436 574 ap·

362 589 573 663 pellat:
619 598 633 622 ‘
659 583 821 647 Nihil
866 609 926 648 se
967 604 1193 667 propter
1245 592 1609 649 inscientiam
1651 592 2055 666 levitatemque
2104 592 2260 668 vulgi
2305 610 2438 667 gra-

364 680 487 737 vius
515 681 587 738 de
616 682 847 739 civitate
868 683 1151 758 judicare,
1181 701 1366 758 neque
1396 682 1470 739 de
1506 684 1608 739 suti
1657 683 1715 740 in
1758 683 1982 740 AEduos
2023 684 2432 741 benevolenti&

327 771 731 830 ‘deminuere'
814 773 965 849 Ipse,
1009 775 1279 849 majorem
1320 775 1526 832 Galliae
1571 785 1789 832 motum
1838 787 2198 851 exspectanS,
2243 794 2318 832 ne
2358 776 2433 831 ab

362 864 630 921 omnibus
679 865 1010 922 civitatibus
1057 867 1595 936 circumsisteretur,
1639 867 1881 923 consilia
1929 866 2130 937 inibat,
2159 866 2436 941 quemad·

315 955 326 960 ’
363 955 597 1012 modum
648 957 718 1013 ab
759 957 1048 1033 Gergovia
1095 956 1439 1028 discederet,
1471 976 1541 1014 ac
1584 977 1781 1014 rursus
1829 976 2059 1015 omnem
2107 959 2432 1016 exercitum

365 1047 760 1118 contraheret;
805 1066 878 1106 ne
921 1048 1223 1125 presentie,
1266 1060 1404 1108 nata
1439 1050 1523 1107 ab
1566 1048 1772 1107 timore
1814 1049 2175 1121 defectionis,
2223 1049 2433 1107 similis

366 1136 515 1214 sugae
545 1139 846 1196 videretur.

443 1229 661 1288 XLIV.
719 1230 867 1289 Hoec
895 1229 1171 1308 cogitanti
1203 1231 1468 1292 accidere
1494 1231 1619 1290 visa
1643 1243 1732 1290 est
1758 1232 2002 1290 facultas
2037 1232 2187 1290 bene
2227 1249 2431 1310 geren-

364 1321 453 1379 dae
481 1321 581 1379 rei.
663 1321 818 1380 Nam
848 1341 1023 1397 quum
1053 1323 1275 1381 minora
1302 1322 1361 1381 in
1391 1334 1580 1381 castra
1606 1322 1795 1399 operis
1820 1323 2205 1400 perspiciendi
2248 1323 2427 1381 causa

363 1413 631 1484 venisset,
659 1414 1057 1471 animadvertit
1086 1414 1312 1486 collem,
1343 1414 1440 1489 qui
1481 1415 1552 1471 ab
1595 1415 1854 1472 hostibus
1893 1416 2217 1485 tenebatur,
2248 1415 2428 1472 nuda-

364 1516 486 1563 tum
529 1505 876 1577 hominibuS,
926 1505 1025 1581 qui
1074 1506 1464 1581 superioribus
1506 1506 1711 1564 diebus
1757 1506 1849 1563 vix
1895 1525 2013 1582 prae
2057 1506 2428 1564 multitudine

364 1596 525 1654 cerni
553 1607 790 1671 poterat.
874 1596 1211 1655 Admiratus
1238 1597 1442 1672 quaerit
1489 1615 1561 1654 ex
1598 1597 1855 1674 perfugis
1895 1615 2151 1668 causam,
2181 1616 2425 1673 quorum

364 1705 607 1764 magnus
636 1687 706 1744 ad
734 1707 866 1745 eum
896 1689 1151 1764 quotidie
1180 1704 1454 1748 numerus
1486 1688 1830 1746 confluebat.
1914 1688 2235 1747 Constabat
2280 1690 2426 1748 inter

362 1797 581 1850 omnes,
611 1780 765 1853 quod
787 1779 904 1855 jam
937 1781 1055 1856 ipse
1084 1781 1278 1837 Coesar
1318 1798 1421 1856 per
1469 1780 1854 1856 exploratores
1901 1792 2270 1859 cognoverat,
2299 1782 2426 1839 dor-

362 1889 488 1946 sum
519 1888 643 1928 esse
669 1871 793 1947 ejus
814 1870 937 1948 jugi
968 1891 1143 1948 prope
1172 1891 1419 1947 aequum,
1449 1872 1551 1930 sed
1579 1872 1691 1930 hac
1719 1873 1977 1931 silvestre
2005 1886 2063 1930 et
2094 1886 2423 1950 angustum,

363 1960 475 2037 qua
505 1972 656 2019 esset
684 1962 870 2020 aditus
900 1963 967 2020 ad
1000 1961 1231 2021 alteram
1274 1963 1470 2039 oppidi
1498 1978 1750 2038 partem:
1795 1965 1933 2022 huic
1962 1965 2094 2023 loco
2122 1965 2424 2023 vehemen-

361 2064 447 2111 ter
471 2054 597 2112 illos
624 2055 846 2125 timere,
878 2073 987 2112 nec
1008 2054 1125 2131 jam
1156 2055 1318 2113 aliter
1346 2055 1579 2127 sentire,
1604 2073 1719 2113 uno
1739 2056 1887 2113 colle
1916 2057 1987 2113 ab
2016 2056 2302 2113 Romanis
2329 2076 2423 2113 cc·

362 2156 592 2222 cupato,
641 2147 689 2206 si
746 2147 984 2206 alterum
1029 2146 1368 2218 amisissent,
1413 2146 1552 2223 quin
1591 2165 1755 2223 paene
1795 2147 2210 2206 circumvallati
2254 2161 2422 2224 atque

361 2238 518 2297 omni
547 2241 703 2297 exitu
733 2251 791 2298 et
830 2239 1199 2316 pabulatione
1243 2238 1541 2297 interclusi
1585 2240 1947 2297 viderentur:
1993 2240 2065 2298 ad
2106 2240 2262 2299 hunc
2302 2260 2421 2298 mu-

362 2330 636 2389 niendum
664 2331 857 2389 locum
885 2350 1082 2388 omnes
1112 2350 1145 2388 a
1173 2330 1648 2407 Vercingetorige
1676 2343 1957 2388 evocatos,

441 2422 627 2480 XLV.
686 2423 818 2480 Hac
873 2441 935 2480 re
990 2421 1246 2498 cognita,
1303 2422 1499 2479 Caesar
1554 2421 1728 2479 mittit
1787 2423 2111 2497 complures
2163 2422 2418 2498 equitum

362 2524 578 2571 turmas
605 2513 675 2572 eo
704 2515 776 2572 de
804 2515 994 2573 media
1035 2525 1242 2571 nocte:
1287 2513 1358 2571 iis
1400 2513 1662 2588 imperat,
1694 2525 1758 2571 ut
1797 2515 1972 2589 paulo
2011 2513 2421 2572 tumultuosius

361 2605 630 2662 omnibus
658 2606 716 2662 in
746 2606 888 2663 locis
914 2617 1377 2682 pervagarentur.
1446 2604 1641 2687 Primii
1663 2603 1797 2662 luce
1816 2624 2089 2682 magnum
2118 2624 2418 2663 numerum

363 2694 897 2772 impedimentorum
929 2716 997 2755 ex
1026 2697 1229 2754 castris
1259 2696 1657 2770 mulorumque
1691 2696 1955 2771 produci,
1984 2698 2141 2770 equo‘
2172 2697 2243 2754 iis
2283 2709 2421 2754 stra-

363 2799 555 2844 menta
583 2787 824 2858 detrahi,
857 2789 1253 2863 mulionesque
1282 2807 1416 2845 cum
1446 2787 1785 2859 cassidibus,
1815 2787 2072 2861 equitum
2115 2789 2308 2863 specie
2352 2808 2420 2846 ac

362 2877 745 2949 simulatione,
801 2879 1043 2936 collibus
1111 2878 1465 2936 circumvehi
1528 2878 1708 2954 jubet.
1820 2877 1932 2936 His
1991 2898 2207 2953 paucos
2262 2880 2420 2938 addit

361 2970 603 3043 equites,
659 2969 756 3043 qui
810 2968 982 3027 latius
1035 2970 1435 3027 ostentationis
1503 2970 1680 3027 causa
1747 2981 2104 3047 vagarentur.
2214 2970 2418 3049 Longo

361 3060 606 3117 circuitu
639 3060 867 3118 easdem
907 3080 1106 3118 onmes
1139 3061 1305 3137 jubet
1341 3072 1538 3137 petere
1578 3061 1858 3138 regiones
1944 3061 2090 3119 Haec
2117 3063 2317 3138 procul
2348 3083 2418 3121 ex

360 3151 572 3227 oppido
620 3151 976 3223 videbantur,
1022 3164 1083 3209 ut
1127 3163 1248 3210 erat
1304 3172 1337 3210 a
1383 3153 1672 3230 Gergovia
1719 3153 2024 3228 despectus
2078 3154 2137 3211 in
2193 3166 2412 3226 castra;

359 3262 549 3318 neque
596 3254 757 3300 tanto
796 3244 999 3320 spatio,
1050 3245 1193 3302 certi
1242 3245 1381 3319 quid
1426 3255 1595 3316 esset,
1640 3245 1918 3321 explorari
1973 3256 2210 3320 poterat.
2309 3245 2415 3304 Le-

359 3336 591 3413 gionem
647 3354 820 3393 unam
876 3336 1078 3393 eodem
1133 3335 1276 3413 jugo
1334 3336 1530 3405 mittit,
1584 3348 1640 3394 et
1691 3335 1864 3412 paulo
1918 3356 2274 3414 progressam
2332 3337 2414 3397 in·

360 3428 566 3486 feriore
597 3428 918 3486 ¹constituit
974 3427 1125 3497 loco,
1180 3428 1451 3502 silvisque
1517 3429 1785 3486 occultat.
1896 3428 2163 3506 Augetur
2230 3429 2413 3487 Gallis

359 3519 630 3595 suspicio,
662 3530 830 3593 atque
857 3538 1055 3577 omnes
1084 3518 1182 3577 illo
1215 3520 1283 3577 ad
1314 3520 1692 3577 munitionem
1722 3512 1903 3595 copiae
1943 3520 2407 3589 transducuntur.

358 3610 565 3668 'Vacua
620 3621 807 3668 castra
861 3611 1109 3668 hostium
1164 3611 1359 3669 Caesar
1415 3611 1800 3686 conspicatuS,
1855 3611 2023 3667 tectis
2092 3611 2410 3688 insignibus

359 3721 613 3772 suornm,
661 3702 1079 3776 occultatisque
1126 3703 1324 3778 signis·
1354 3702 1715 3771 militaribuS,
1758 3720 1915 3758 raros
1954 3702 2186 3773 milites,
2228 3723 2301 3761 ne
2343 3723 2409 3762 ex

359 3793 570 3868 oppido
598 3793 1198 3862 animadverterentur,
1228 3811 1297 3849 ex
1325 3792 1636 3866 majoribus
1664 3791 1866 3848 castris
1894 3792 1953 3849 in
1982 3792 2207 3851 minora
2234 3807 2408 3852 trans-

359 3883 538 3954 ducit,
595 3883 930 3960 legatisque‚
985 3901 1128 3956 quos
1189 3881 1432 3958 singulis
1485 3880 1810 3957 legionibus
1861 3881 2218 3957 praefecerat,
2272 3886 2404 3959 quid
