2747 4376
322 264 393 323 44
975 257 1071 308 vs
1118 256 1352 307 BELLO
1402 257 1724 308 GAmeo
2154 256 2316 322 [cn.
2354 258 2400 304 1.

318 406 525 469 virtute
567 403 755 462 omnis
803 422 934 480 spes
977 402 1179 460 salutis
1229 403 1589 460 consisteret.
1672 400 1908 459 Occisis
1964 401 2035 458 ad
2093 400 2398 457 hominum

317 498 571 561 millibus
617 506 882 572 quatuor,
938 495 1145 570 reliqui
1195 495 1254 552 in
1309 495 1586 571 oppidum
1628 493 1827 570 rejecti
1871 503 2022 550 sunt.
2106 492 2400 550 Postridie

317 591 440 667 ejus
483 589 620 660 diei,
669 588 932 652 refractis
974 588 1173 664 portis,
1216 605 1394 662 quum
1437 587 1556 663 jam
1606 586 1941 644 defenderet
1983 605 2176 658 nem0‚
2196 616 2202 621 ·
2224 597 2400 660 atque

319 681 659 740 intromissis
699 680 979 739 militibus
1021 679 1251 751 nostris,
1281 679 1599 738 sectionem
1649 678 1773 755 ejus
1819 678 2017 754 oppidi
2066 678 2398 736 universam

317 774 513 832 Caesar
562 772 837 830 vendidit.
921 772 1019 829 Ab
1067 772 1176 843 his,
1219 772 1318 846 qui
1366 781 1647 843 emerant,
1690 771 1947 848 capitum
1994 789 2273 828 numerus
2322 771 2399 828 ad

317 884 450 926 eum
480 865 693 922 relatus
721 876 808 922 est
835 864 1081 921 millium
1109 862 1270 921 LIII.

396 934 690 1015 XXXIV.
744 955 971 1022 Eodem
1015 966 1270 1032 tempore
1303 973 1349 1013 .a
1389 954 1454 1012 Ρ.
1498 954 1732 1026 Crasse,
1762 973 1935 1029 quem
1983 974 2119 1012 curn
2164 954 2398 1032 legione

320 1049 436 1107 una
463 1048 698 1121 miserat
740 1048 812 1105 ad
855 1047 1129 1119 Venetos,
1158 1046 1418 1118 Unellos,
1455 1045 1761 1118 Osismios,
1791 1046 2191 1119 Curiosolita3‚
2222 1048 2398 1105 Sesu-

283 1140 461 1221 ‚vios,
490 1140 798 1212 AulercOS‚
828 1139 1166 1211 Rhedones,
1196 1158 1324 1214 quae
1370 1149 1505 1197 sunt
1548 1139 1849 1196 maritimae
1893 1139 2176 1211 civitates,
2226 1158 2398 1197 ocea-

319 1251 574 1308 numque
632 1232 943 1310 attingunt,
985 1231 1196 1290 certior
1239 1232 1427 1289 factus
1466 1241 1554 1289 est
1607 1249 1809 1289 omnes
1863 1249 1962 1289 eas
2016 1232 2280 1290 civitates
2334 1233 2397 1290 in

319 1325 596 1391 ditionem
638 1335 1092 1401 potestatemque
1131 1324 1327 1400 populi
1372 1322 1628 1380 Romani
1672 1341 1798 1381 esse
1828 1324 2106 1381 redactas.

398 1416 661 1475 XXXV.
718 1416 831 1475 His
872 1417 1043 1474 rebus
1083 1417 1261 1493 gestis
1306 1435 1463 1473 omni
1512 1416 1706 1473 Gallia
1750 1416 1975 1491 pacata,
2018 1427 2181 1474 tanta
2224 1416 2397 1492 hujus

322 1509 455 1567 belli
486 1510 558 1567 ad
588 1510 859 1566 barbaros
886 1508 1083 1584 opinio
1122 1508 1341 1584 perlata
1367 1519 1476 1579 est,
1498 1507 1589 1565 uti
1635 1509 1707 1565 ab
1750 1509 1841 1565 his
1881 1509 2234 1580 nationibuS,
2265 1527 2395 1583 quae

319 1612 477 1658 trans
505 1600 782 1658 Rhenum
813 1600 1151 1672 incolerent,
1181 1601 1544 1658 mitterentur
1588 1600 1763 1677 legati
1807 1599 1877 1657 ad
1920 1600 2235 1672 Caesarem,
2265 1619 2396 1675 quae

319 1710 384 1763 se
408 1693 639 1749 obsides
667 1692 917 1762 daturas,
950 1692 1227 1768 imperata
1270 1692 1520 1755 facturas
1561 1692 2010 1768 pollicerentur:
2053 1711 2218 1768 quas
2242 1693 2398 1770 lega-

319 1784 507 1842 tiones
548 1783 763 1855 Caesar,
808 1782 961 1858 quod
1013 1782 1072 1840 in
1120 1783 1349 1841 Italiam
1384 1783 1813 1859 Illyricumque
1856 1785 2218 1860 properabat,
2250 1785 2397 1842 inita

318 1875 579 1952 proxima
609 1886 825 1948 aestate,
857 1875 926 1932 ad
954 1893 1017 1932 se
1045 1876 1251 1934 reverti
1284 1874 1471 1952 jussit.
1555 1875 1688 1952 Ipse
1730 1877 1789 1934 in
1832 1875 2140 1948 Carnutes,
2170 1876 2397 1950 Andes,

320 1967 725 2041 Turonesque,
756 1987 882 2041 quae
910 1967 1173 2026 civitates
1200 1968 1534 2044 propinquae
1564 1968 1654 2025 his
1682 1967 1826 2048 lochis
1853 1974 2036 2041 erant,
2057 1969 2156 2027 ubi
2182 1969 2399 2027 bellum

321 2071 596 2137 gesserat,
626 2060 951 2137 legionibus
993 2059 1052 2116 in
1094 2059 1337 2119 hiberna
1387 2060 1673 2133 deductiS,
1720 2061 1774 2118 in
1829 2060 2053 2118 Italiam
2102 2061 2398 2137 profectus

322 2162 446 2223 est;
489 2153 564 2210 ob
593 2170 804 2227 easque
832 2170 924 2210 res
952 2170 1024 2210 ex
1070 2151 1253 2212 literis
1295 2152 1545 2221 Caesaris
1593 2153 1716 2212 dies
1756 2152 1873 2211 XV
1915 2154 2261 2231 supplicatio
2300 2154 2400 2213 de-

323 2256 493 2317 creta·
510 2257 616 2317 est,
646 2244 798 2320 quod
830 2256 962 2303 ante
992 2245 1049 2303 id
1065 2246 1548 2322 ,tempus‘accidit
1576 2246 1738 2304 nulli.
1841 2281 1849 2289 ·

754 2815 895 2895 DE
975 2830 1358 2895 BELLO
1440 2831 1967 2897 GALLICO
2063 2848 2073 2860 ·

1115 3046 1608 3124 12113123111.

401 3250 447 3308 I.
501 3249 698 3311 Quum
744 3250 802 3308 in
845 3250 1072 3308 Italiam
1111 3250 1575 3327 proficisceretur
1605 3252 1822 3325 Caesar,
1854 3255 2120 3314 Servium
2148 3256 2399 3316 Galbam

322 3360 457 3399 cum
484 3341 714 3419 legione
742 3343 1090 3409 duodecima.
1116 3354 1175 3401 et
1204 3355 1368 3420 parte
1408 3345 1698 3420 equitatus
1740 3347 1798 3404 in
1843 3346 1901 3404 N
1907 3358 2188 3426 antuates„
2219 3349 2400 3408 Vera-

321 3454 455 3511 gros
497 3435 877 3510 Sedunosque
919 3436 1095 3507 misit,
1124 3436 1223 3512 qui
1268 3437 1339 3494 ab
1381 3436 1593 3506 finibus
1634 3438 2014 3516 Allobrogum
2044 3451 2101 3497 et
2128 3440 2261 3497 lacu
2291 3441 2401 3500 Le-

324 3545 535 3584 manno
562 3537 619 3583 et
648 3526 885 3584 flumine
907 3527 1201 3585 Rhodano
1230 3527 1299 3585 ad
1328 3548 1582 3587 summas
1605 3530 1784 3606 Alpes
1811 3532 2117 3607 pertinent.
2202 3533 2401 3592 Causa

323 3618 588 3676 mittendi
637 3618 762 3690 suit,
806 3617 961 3693 quod
1003 3619 1109 3677 iter
1162 3639 1265 3695 per
1307 3621 1509 3696 Alpes,
1552 3640 1667 3696 quo
1708 3642 1920 3700 magno
1961 3642 2096 3681 cum
2136 3626 2401 3700 periculo

323 3712 661 3787 magnisque
708 3730 843 3767 cum
883 3711 1150 3786 portoriis
1165 3723 1540 3771 ,mercatores
1588 3713 1672 3771 ire
1719 3714 2091 3788 consuerant,
2138 3718 2396 3793 patefieri

218 3844 221 3847 .
324 3802 565 3860 volebat.
650 3802 811 3860 Huic
855 3802 1135 3879 permisit,
1183 3803 1231 3861 si
1276 3823 1421 3879 opus
1463 3823 1590 3863 esse
1638 3806 2028 3880 arbitraretur,
2071 3808 2154 3867 uti
2206 3810 2265 3868 in
2313 3813 2399 3869 eis

323 3892 468 3951 locis
520 3894 809 3973 legionem
864 3894 1154 3953 hiemandi
1210 3896 1387 3954 causa
1438 3896 1767 3957 collocaret.
1870 3899 2079 3969 Galba,
2125 3904 2397 3962 secundis
