2747 4376
373 314 507 362 cst.
542 315 771 378 15—18.]
1113 314 1328 364 LIBER
1369 314 1696 365 TERTIUS.
2360 316 2435 380 ἂι

370 456 598 514 nulium
625 458 968 534 reperiretur
999 458 1294 531 auxilium,
1324 457 1459 536 fugfi
1489 459 1733 516 salutem
1760 467 1956 535 petere
1983 460 2406 521 contenderunt

375 566 445 604 ac
478 548 601 624 jam
628 550 920 607 conversis
961 550 1022 607 in
1045 568 1191 607 -eam
1232 561 1453 625 partem
1493 551 1756 621 navibus,
1785 550 1899 625 quo
1948 563 2153 610 ventus
2200 553 2436 627 ferebat,

376 648 556 696 tanta·
587 640 777 699 subito
832 641 1079 699 malacia
1135 660 1203 698 ac
1255 642 1639 717 tranquillitas
1692 643 1927 715 exstitit,
1969 655 2034 701 ut
2080 662 2143 702 se
2189 663 2261 703 ex
2306 645 2440 705 loco

372 749 604 788 movere
631 751 749 789 non
775 743 1024 808 possent.
1106 731 1261 795 Quae
1289 733 1523 808 quidem
1554 751 1649 791 res
1678 734 1750 791 ad
1789 736 2087 812 negotium
2128 736 2437 795 conficien-

372 822 512 879 dum
556 823 805 881 maxime
855 824 962 882 fuit
1003 835 1356 900 opportuna:
1415 844 1551 883 nam
1596 825 1853 903 singulas
1894 828 2073 885 nostri
2118 830 2433 889 consectati

372 922 865 990 expugnaverunt,
921 926 985 973 ut
1037 935 1339 992 perpaueae
1394 935 1466 974 ex
1517 917 1677 974 omni
1730 936 1973 976 numero
2024 921 2212 978 noctis
2264 921 2436 979 inter·

371 1016 548 1062 ventu
593 1006 664 1063 ad
697 1017 906 1064 terram
934 1008 1317 1083 pervenerint,
1347 1007 1533 1083 quum
1554 1009 1625 1066 ab
1668 1009 1807 1066 hora
1849 1008 1967 1067 fere
2010 1013 2211 1086 quarta
2254 1031 2436 1087 usque

374 1096 447 1154 ad
475 1097 612 1155 solis
639 1116 911 1157 occasum
938 1109 1306 1176 pugnaretur.

453 1188 620 1247 XVI.
673 1189 817 1253 Quo
840 1191 1044 1267 proelio
1070 1191 1284 1251 bellum
1305 1191 1662 1250 Venetorum
1688 1193 1977 1268 totiusque
1996 1213 2111 1252 στω
2132 1195 2432 1254 maritimae

373 1281 707 1340 confectum
734 1293 838 1340 est.
917 1282 1096 1354 Nam,
1125 1301 1302 1358 quum
1329 1283 1518 1341 omnis
1537 1283 1827 1360 juventus,
1857 1303 2058 1343 omnes
2096 1287 2268 1343 etiam
2310 1307 2435 1365 gra-

372 1372 550 1430 vioris
589 1374 792 1445 aetatis,
822 1375 882 1432 in
922 1374 1136 1449 quibus·
1168 1362 1397 1449 ‘aliquid
1445 1376 1674 1433 consilii
1720 1388 1818 1434 aut
1864 1377 2161 1453 dignitatis
2208 1379 2332 1449 fuit,
2361 1378 2431 1438 eo

371 1475 793 1536 convenerant3
836 1477 979 1538 tum,
1008 1467 1240 1524 navium
1268 1466 1423 1541 quod
1450 1467 1665 1541 ubique
1695 1468 1899 1539 fuerat,
1927 1488 2109 1526 unum
2137 1470 2197 1529 in
2241 1471 2430 1528 locum

370 1560 718 1633 coegerant:
761 1534 971 1633 quissiis
1015 1559 1257 1630 amissis,
1307 1558 1536 1633 reliqui,
1585 1577 1774 1635 neque
1817 1559 1932 1635 quo
1976 1579 2041 1619 se
2087 1561 2422 1636 reciperent,
2486 1546 2518 1599 Υ

369 1666 562 1723 neque
605 1649 1085 1724 quemadmodum
1131 1651 1342 1726 oppida
1381 1651 1788 1723 defenderent,
1843 1651 2145 1711 habebant.
2233 1653 2431 1738 ltaque

368 1757 436 1797 se
461 1758 680 1815 suaque
705 1742 901 1799 omnia
927 1741 1145 1800 Caesari
1173 1742 1533 1800 dediderunt.
1615 1741 1686 1800 In
1715 1753 1857 1818 quos
1883 1761 1956 1802 eo
1975 1744 2207 1822 gravius
2234 1746 2428 1805 Caesar
2457 1814 2464 1821 ,

368 1831 781 1890 vindicandum
806 1834 1023 1905 statuit,
1052 1853 1168 1909 quo
1193 1831 1531 1911 diligentius
1566 1833 1627 1891 in
1667 1835 1952 1910 reliquum
1989 1848 2217 1914 tempus
2245 1855 2277 1894 a
2307 1838 2430 1896 bar-
2457 1816 2492 1881 f

312 1914 317 1921 ⁸
368 1923 524 1981 baris
543 1924 638 1999 jus
663 1924 984 2001 legatorum
1012 1936 1460 2002 conservaretur.
1542 1924 1766 2001 Itaque,
1787 1927 1946 1985 omni
1966 1941 2171 1987 senatu
2198 1942 2425 2002 necato,
2447 1922 2496 1971 ³!

366 2014 622 2090 reliquos
647 2017 755 2074 sub
783 2017 998 2074 corona
1026 2017 1297 2075 vendidit.

447 2105 647 2165 XVII.
702 2106 860 2165 Dum
890 2109 1014 2166 haec
1054 2108 1116 2166 in
1142 2108 1384 2167 Venetis
1424 2120 1722 2187 geruntur,
1747 2109 1829 2173 Q.
1859 2110 2127 2170 Titurius
2173 2113 2427 2172 Sabinus

358 2217 506 2280 pum
548 2199 621 2257 iis
668 2199 871 2276 copiis,
901 2219 1044 2275 quas
1092 2220 1126 2258 a
1172 2201 1404 2259 Caesare
1452 2213 1773 2278 acceperat,
1802 2204 1864 2261 in
1906 2203 2049 2263 fines
2089 2204 2425 2264 Unellorum
2527 2239 2536 2242 ι

367 2291 643 2364 pervenit.
687 2342 692 2346 .
726 2292 837 2349 His
863 2302 1103 2369 praeerat
1137 2292 1456 2366 Viridovix,
1487 2312 1556 2352 ac
1596 2313 1877 2352 summam
1922 2296 2147 2370 imperii
2193 2298 2422 2355 tenebat

369 2399 566 2439 earum
594 2384 851 2441 omnium
878 2383 1195 2456 civitatum,
1224 2404 1352 2459 quae
1383 2385 1734 2456 defecerant,
1762 2402 1835 2443 ex
1861 2386 2069 2460 quibus
2108 2388 2425 2450 exercitum

370 2492 719 2551 magnasque
747 2476 942 2551 copias
983 2479 1269 2554 coegerat.
1354 2477 1549 2551 Atque
1593 2476 1682 2534 his
1726 2477 1928 2552 paucis
1954 2477 2157 2538 diebus
2183 2479 2424 2539 Aulerci

371 2563 726 2624 Eburovices
774 2565 1146 2642 Lexoviique,
1196 2579 1401 2625 senatu
1451 2587 1557 2625 suo
1600 2567 1923 2646 interfecto,
1965 2568 2120 2644 quod
2162 2561 2426 2630 auctores

370 2656 503 2715 belli
546 2676 672 2716 esse
717 2658 1008 2731 nolebant,
1051 2671 1245 2735 portas
1295 2659 1644 2731 clauserunt,
1700 2678 1876 2735 seque
1916 2679 2052 2718 cum
2092 2662 2425 2724 Viridovice

367 2748 788 2824 conjunxerunt
804 2770 819 2820 ;
862 2769 1185 2828 magnaque
1210 2760 1484 2826 praeterea
1512 2752 1821 2810 multitudo
1848 2753 2103 2829 undique
2135 2772 2203 2812 ex
2231 2754 2422 2814 Gallia
2481 2785 2490 2793 ·

365 2841 718 2916 perditorum
779 2842 1076 2899 hominum
1142 2843 1543 2918 latronumque
1610 2835 2015 2916 convenerafft,
2084 2865 2228 2921 quos
2294 2867 2424 2922 spes

365 2933 662 3008 praedandi
709 2934 1079 3009 studiumque
1140 2934 1391 2991 bellandi
1449 2936 1518 2991 ab
1574 2935 1925 3012 agricultura
1978 2948 2036 2995 et
2089 2938 2423 3013 quotidiano

295 3067 306 3075 .
366 3024 562 3081 labore
600 3026 922 3082 revocabat.
1008 3025 1260 3083 Sabinus
1302 3024 1513 3100 iQneo
1551 3015 1818 3084 omnibus
1857 3028 2029 3085 rebus
2063 3028 2195 3086 loco
2220 3031 2425 3089 castris
2459 3030 2506 3076 ²<

365 3133 492 3172 sese
517 3117 769 3187 tenebat,
798 3135 977 3190 quum
1003 3117 1305 3173 Viridovix
1332 3128 1535 3174 contra
1560 3136 1692 3175 eum
1734 3119 1913 3176 dufim
1954 3119 2198 3177 millium
2238 3122 2425 3196 spatio

365 3206 738 3278 consedisset,
781 3208 1152 3283 quotidieque
1188 3208 1487 3284 productis
1527 3209 1709 3284 copiis
1748 3211 2042 3287 pugnandi
2082 3221 2421 3287 potestatem

286 3326 294 3331 -
364 3298 616 3370 faceret;
661 3310 726 3356 ut
749 3297 865 3373 jam
893 3319 1009 3356 non
1039 3299 1224 3356 solum
1254 3300 1515 3358 hostibus
1541 3301 1601 3358 in
1643 3301 2129 3377 contemptionem
2171 3303 2423 3362 Sabinus
2513 3311 2538 3328 “
2567 3318 2580 3327 '

363 3390 604 3462 veniret,
633 3391 734 3449 sed
763 3391 936 3448 etiam
964 3403 1286 3449 nostrorum
1314 3392 1570 3449 militum
1591 3393 1829 3449 vocibus
1849 3393 2118 3450 ‚nonnihil
2161 3413 2426 3471 carpere»
2447 3459 2460 3463 ,

363 3491 494 3539 tur:
536 3492 868 3557 tantamque
895 3482 1226 3558 opinionem
1267 3483 1491 3541 timoris
1531 3483 1794 3559 praebuit,
1826 3486 1888 3542 ut
1928 3504 2048 3561 Jam
2092 3485 2164 3542 ad
2210 3487 2422 3544 vallum

364 3584 683 3631 castrorum
710 3574 903 3632 hostes
933 3575 1219 3632 accedere.
1240 3574 1533 3633 auderent.
1616 3575 1683 3632 Id
1712 3576 1781 3633 ed
1819 3576 1892 3634 de
1933 3577 2109 3633 causa
2153 3575 2419 3647 faciebat,

362 3663 520 3739 quod
548 3684 682 3722 cum
707 3667 866 3723 tanta
896 3666 1262 3724 multitudine
1289 3665 1560 3738 hostium,
1588 3667 1902 3743 praesertim
1930 3686 2003 3725 eo
2038 3666 2292 3737 absente,
2322 3685 2420 3741 qur

361 3773 646 3814 summam
693 3757 919 3833 imperii
967 3767 1208 3828 teneret,
1255 3757 1368 3814 nisi
1424 3777 1590 3833 aequo
1641 3758 1792 3829 loco,
1848 3770 1947 3816 aut
1997 3757 2420 3833 opportunitate

364 3848 556 3923 aliqud
597 3848 752 3921 dats,
792 3850 986 3927 legato
1012 3849 1405 3906 dimicandum
1448 3868 1564 3907 non
1606 3849 1983 3907 existimabat.

430 3940 669 3997 XVIII.
731 3941 862 3998 Hac
891 3940 1226 3998 confirmata
1255 3940 1527 4015 opinione
1564 3940 1804 4010 timoris,
1836 3941 2104 3996 idoneum
2132 3938 2418 4012 quendam
