<?xml version="1.0" encoding="UTF-8"?>
<!DOCTYPE html PUBLIC "-//W3C//DTD XHTML 1.0 Transitional//EN"
    "http://www.w3.org/TR/xhtml1/DTD/xhtml1-transitional.dtd">
<html xmlns="http://www.w3.org/1999/xhtml" xml:lang="en" lang="en">
 <head>
  <title>
</title>
<meta http-equiv="Content-Type" content="text/html;charset=utf-8" />
  <meta name='ocr-system' content='tesseract 3.04.00' />
  <meta name='ocr-capabilities' content='ocr_page ocr_carea ocr_par ocr_line ocrx_word'/>
</head>
<body>
  <div class='ocr_page' id='page_1' title='image "./andrewscaesar00andrgoog/andrewscaesar00andrgoog_0022.png"; bbox 0 0 2747 4376; ppageno 0'>
   <div class='ocr_carea' id='block_1_1' title="bbox 328 224 2379 309">
    <p class='ocr_par' dir='ltr' id='par_1_1' title="bbox 328 224 2379 309">
     <span class='ocr_line' id='line_1_1' title="bbox 328 224 2379 309; baseline 0.001 -19"><span class='ocrx_word' id='word_1_1' title='bbox 328 242 370 302; x_wconf 75' lang='lat' dir='ltr'><strong>s</strong></span> <span class='ocrx_word' id='word_1_2' title='bbox 766 224 771 231; x_wconf 76' lang='lat'>&#39;</span> <span class='ocrx_word' id='word_1_3' title='bbox 990 242 1085 291; x_wconf 73' lang='lat' dir='ltr'><strong>ns</strong></span> <span class='ocrx_word' id='word_1_4' title='bbox 1130 242 1364 291; x_wconf 62' lang='lat' dir='ltr'><strong>nmmo</strong></span> <span class='ocrx_word' id='word_1_5' title='bbox 1413 242 1735 292; x_wconf 61' lang='lat' dir='ltr'><strong>GAhmco</strong></span> <span class='ocrx_word' id='word_1_6' title='bbox 2063 243 2221 309; x_wconf 70' lang='lat' dir='ltr'><strong>[cn.</strong></span> <span class='ocrx_word' id='word_1_7' title='bbox 2252 243 2379 294; x_wconf 71' lang='lat' dir='ltr'><strong>⁷-s</strong></span> 
     </span>
    </p>
   </div>
   <div class='ocr_carea' id='block_1_2' title="bbox 317 384 2394 2932">
    <p class='ocr_par' dir='ltr' id='par_1_2' title="bbox 321 384 2394 1923">
     <span class='ocr_line' id='line_1_2' title="bbox 330 384 2394 461; baseline 0.001 -19"><span class='ocrx_word' id='word_1_8' title='bbox 330 384 595 443; x_wconf 78' lang='lat' dir='ltr'><strong>maximis</strong></span> <span class='ocrx_word' id='word_1_9' title='bbox 640 396 827 461; x_wconf 90' lang='lat' dir='ltr'><strong>potest</strong></span> <span class='ocrx_word' id='word_1_10' title='bbox 870 385 1192 458; x_wconf 72' lang='lat' dir='ltr'><strong>itineribus„</strong></span> <span class='ocrx_word' id='word_1_11' title='bbox 1222 386 1281 443; x_wconf 90' lang='lat' dir='ltr'><strong>in</strong></span> <span class='ocrx_word' id='word_1_12' title='bbox 1324 386 1574 444; x_wconf 76' lang='lat' dir='ltr'><strong>Galliam</strong></span> <span class='ocrx_word' id='word_1_13' title='bbox 1618 385 1950 445; x_wconf 81' lang='lat' dir='ltr'><strong>ulteriorem</strong></span> <span class='ocrx_word' id='word_1_14' title='bbox 1990 385 2308 459; x_wconf 76' lang='lat' dir='ltr'><strong>contendit,</strong></span> <span class='ocrx_word' id='word_1_15' title='bbox 2334 396 2394 444; x_wconf 90' lang='lat' dir='ltr'><strong>et</strong></span> 
     </span>
     <span class='ocr_line' id='line_1_3' title="bbox 330 475 2394 554; baseline 0.001 -20"><span class='ocrx_word' id='word_1_16' title='bbox 330 476 403 533; x_wconf 76' lang='lat' dir='ltr'><strong>ad</strong></span> <span class='ocrx_word' id='word_1_17' title='bbox 448 477 743 535; x_wconf 85' lang='lat' dir='ltr'><strong>Genevam</strong></span> <span class='ocrx_word' id='word_1_18' title='bbox 783 477 1084 553; x_wconf 86' lang='lat' dir='ltr'><strong>pervenit:</strong></span> <span class='ocrx_word' id='word_1_19' title='bbox 1134 478 1447 553; x_wconf 80' lang='lat' dir='ltr'><strong>provinciae</strong></span> <span class='ocrx_word' id='word_1_20' title='bbox 1487 476 1592 535; x_wconf 92' lang='lat' dir='ltr'><strong>toti</strong></span> <span class='ocrx_word' id='word_1_21' title='bbox 1634 475 1810 553; x_wconf 64' lang='lat' dir='ltr'><strong>quarn</strong></span> <span class='ocrx_word' id='word_1_22' title='bbox 1851 477 2163 536; x_wconf 87' lang='lat' dir='ltr'><strong>maximum</strong></span> <span class='ocrx_word' id='word_1_23' title='bbox 2206 488 2394 554; x_wconf 85' lang='lat' dir='ltr'><strong>potest</strong></span> 
     </span>
     <span class='ocr_line' id='line_1_4' title="bbox 332 567 2391 645; baseline 0.001 -21"><span class='ocrx_word' id='word_1_24' title='bbox 332 567 579 625; x_wconf 88' lang='lat' dir='ltr'><strong>militum</strong></span> <span class='ocrx_word' id='word_1_25' title='bbox 621 586 927 626; x_wconf 90' lang='lat' dir='ltr'><strong>numerum</strong></span> <span class='ocrx_word' id='word_1_26' title='bbox 977 568 1217 644; x_wconf 90' lang='lat' dir='ltr'><strong>imperat</strong></span> <span class='ocrx_word' id='word_1_27' title='bbox 1273 568 1425 645; x_wconf 85' lang='lat' dir='ltr'><strong>(erat</strong></span> <span class='ocrx_word' id='word_1_28' title='bbox 1475 568 1714 626; x_wconf 90' lang='lat' dir='ltr'><strong>omnino</strong></span> <span class='ocrx_word' id='word_1_29' title='bbox 1760 567 1820 626; x_wconf 86' lang='lat' dir='ltr'><strong>in</strong></span> <span class='ocrx_word' id='word_1_30' title='bbox 1873 568 2066 627; x_wconf 70' lang='lat' dir='ltr'><strong>Gallia</strong></span> <span class='ocrx_word' id='word_1_31' title='bbox 2121 569 2391 627; x_wconf 81' lang='lat' dir='ltr'><strong>ulteriore</strong></span> 
     </span>
     <span class='ocr_line' id='line_1_5' title="bbox 326 651 2388 738; baseline 0 -23"><span class='ocrx_word' id='word_1_32' title='bbox 326 657 481 736; x_wconf 84' lang='lat' dir='ltr'><strong>legio</strong></span> <span class='ocrx_word' id='word_1_33' title='bbox 507 662 685 738; x_wconf 84' lang='lat' dir='ltr'><strong>una);</strong></span> <span class='ocrx_word' id='word_1_34' title='bbox 726 669 980 736; x_wconf 90' lang='lat' dir='ltr'><strong>pontem,</strong></span> <span class='ocrx_word' id='word_1_35' title='bbox 1010 660 1109 736; x_wconf 92' lang='lat' dir='ltr'><strong>qui</strong></span> <span class='ocrx_word' id='word_1_36' title='bbox 1136 671 1259 717; x_wconf 89' lang='lat' dir='ltr'><strong>erat</strong></span> <span class='ocrx_word' id='word_1_37' title='bbox 1287 660 1357 717; x_wconf 88' lang='lat' dir='ltr'><strong>ad</strong></span> <span class='ocrx_word' id='word_1_38' title='bbox 1385 660 1703 732; x_wconf 89' lang='lat' dir='ltr'><strong>Genevam,</strong></span> <span class='ocrx_word' id='word_1_39' title='bbox 1724 651 2187 736; x_wconf 74' lang='lat' dir='ltr'><strong>jubet&#39;rescindi.</strong></span> <span class='ocrx_word' id='word_1_40' title='bbox 2271 659 2388 718; x_wconf 87' lang='lat' dir='ltr'><strong>Ubi</strong></span> 
     </span>
     <span class='ocr_line' id='line_1_6' title="bbox 325 749 2387 829; baseline 0.001 -23"><span class='ocrx_word' id='word_1_41' title='bbox 325 749 400 807; x_wconf 86' lang='lat' dir='ltr'><strong>de</strong></span> <span class='ocrx_word' id='word_1_42' title='bbox 441 749 566 826; x_wconf 86' lang='lat' dir='ltr'><strong>ejus</strong></span> <span class='ocrx_word' id='word_1_43' title='bbox 606 750 853 809; x_wconf 86' lang='lat' dir='ltr'><strong>adventu</strong></span> <span class='ocrx_word' id='word_1_44' title='bbox 903 751 1156 809; x_wconf 88' lang='lat' dir='ltr'><strong>Helvetii</strong></span> <span class='ocrx_word' id='word_1_45' title='bbox 1202 751 1478 809; x_wconf 77' lang='lat' dir='ltr'><strong>certiores</strong></span> <span class='ocrx_word' id='word_1_46' title='bbox 1521 751 1660 811; x_wconf 82' lang='lat' dir='ltr'><strong>facti</strong></span> <span class='ocrx_word' id='word_1_47' title='bbox 1699 761 1854 823; x_wconf 87' lang='lat' dir='ltr'><strong>sunt,</strong></span> <span class='ocrx_word' id='word_1_48' title='bbox 1882 750 2102 829; x_wconf 87' lang='lat' dir='ltr'><strong>legatos</strong></span> <span class='ocrx_word' id='word_1_49' title='bbox 2144 750 2216 808; x_wconf 91' lang='lat' dir='ltr'><strong>ad</strong></span> <span class='ocrx_word' id='word_1_50' title='bbox 2254 769 2387 809; x_wconf 89' lang='lat' dir='ltr'><strong>eum</strong></span> 
     </span>
     <span class='ocr_line' id='line_1_7' title="bbox 325 840 2390 920; baseline 0.001 -23"><span class='ocrx_word' id='word_1_51' title='bbox 325 840 560 898; x_wconf 90' lang='lat' dir='ltr'><strong>mittunt</strong></span> <span class='ocrx_word' id='word_1_52' title='bbox 587 842 974 901; x_wconf 89' lang='lat' dir='ltr'><strong>nobilissimos</strong></span> <span class='ocrx_word' id='word_1_53' title='bbox 1001 843 1268 914; x_wconf 86' lang='lat' dir='ltr'><strong>civitatis,</strong></span> <span class='ocrx_word' id='word_1_54' title='bbox 1298 843 1468 919; x_wconf 92' lang='lat' dir='ltr'><strong>cujus</strong></span> <span class='ocrx_word' id='word_1_55' title='bbox 1493 842 1799 920; x_wconf 81' lang='lat' dir='ltr'><strong>legationis</strong></span> <span class='ocrx_word' id='word_1_56' title='bbox 1838 841 1898 901; x_wconf 92' lang='lat' dir='ltr'>N</span> <span class='ocrx_word' id='word_1_57' title='bbox 1904 842 2123 900; x_wconf 88' lang='lat' dir='ltr'><strong>ameius</strong></span> <span class='ocrx_word' id='word_1_58' title='bbox 2162 851 2221 899; x_wconf 93' lang='lat' dir='ltr'><strong>et</strong></span> <span class='ocrx_word' id='word_1_59' title='bbox 2246 842 2390 900; x_wconf 90' lang='lat' dir='ltr'><strong>Ver-</strong></span> 
     </span>
     <span class='ocr_line' id='line_1_8' title="bbox 326 927 2386 1011; baseline 0 -23"><span class='ocrx_word' id='word_1_60' title='bbox 326 931 594 1011; x_wconf 76' lang='lat' dir='ltr'><strong>ndoctius</strong></span> <span class='ocrx_word' id='word_1_61' title='bbox 619 933 940 1009; x_wconf 88' lang='lat' dir='ltr'><strong>principem</strong></span> <span class='ocrx_word' id='word_1_62' title='bbox 967 933 1162 991; x_wconf 88' lang='lat' dir='ltr'><strong>locum</strong></span> <span class='ocrx_word' id='word_1_63' title='bbox 1189 933 1549 1005; x_wconf 91' lang='lat' dir='ltr'><strong>obtinebant,</strong></span> <span class='ocrx_word' id='word_1_64' title='bbox 1577 933 1677 1008; x_wconf 90' lang='lat' dir='ltr'><strong>qui</strong></span> <span class='ocrx_word' id='word_1_65' title='bbox 1703 927 1968 991; x_wconf 77' lang='lat' dir='ltr'><strong>dicerent</strong></span> <span class='ocrx_word' id='word_1_66' title='bbox 1994 939 2009 966; x_wconf 91' lang='lat'>‘</span> <span class='ocrx_word' id='word_1_67' title='bbox 2032 931 2144 990; x_wconf 90' lang='lat' dir='ltr'><strong>sibi</strong></span> <span class='ocrx_word' id='word_1_68' title='bbox 2172 950 2297 990; x_wconf 88' lang='lat' dir='ltr'><strong>esse</strong></span> <span class='ocrx_word' id='word_1_69' title='bbox 2326 931 2386 988; x_wconf 92' lang='lat' dir='ltr'><strong>in</strong></span> 
     </span>
     <span class='ocr_line' id='line_1_9' title="bbox 325 1019 2387 1101; baseline 0 -22"><span class='ocrx_word' id='word_1_70' title='bbox 325 1022 520 1080; x_wconf 86' lang='lat' dir='ltr'><strong>animo</strong></span> <span class='ocrx_word' id='word_1_71' title='bbox 544 1023 671 1081; x_wconf 90' lang='lat' dir='ltr'><strong>sine</strong></span> <span class='ocrx_word' id='word_1_72' title='bbox 699 1024 819 1082; x_wconf 92' lang='lat' dir='ltr'><strong>ullo</strong></span> <span class='ocrx_word' id='word_1_73' title='bbox 844 1024 1130 1083; x_wconf 89' lang='lat' dir='ltr'><strong>maleficio</strong></span> <span class='ocrx_word' id='word_1_74' title='bbox 1157 1024 1263 1082; x_wconf 92' lang='lat' dir='ltr'><strong>iter</strong></span> <span class='ocrx_word' id='word_1_75' title='bbox 1303 1019 1407 1100; x_wconf 90' lang='lat' dir='ltr'><strong>per</strong></span> <span class='ocrx_word' id='word_1_76' title='bbox 1446 1024 1803 1101; x_wconf 89' lang='lat' dir='ltr'><strong>provinciam</strong></span> <span class='ocrx_word' id='word_1_77' title='bbox 1846 1024 2057 1095; x_wconf 81' lang='lat' dir='ltr'><strong>facere,</strong></span> <span class='ocrx_word' id='word_1_78' title='bbox 2084 1034 2387 1100; x_wconf 90' lang='lat' dir='ltr'><strong>propterea</strong></span> 
     </span>
     <span class='ocr_line' id='line_1_10' title="bbox 324 1112 2383 1193; baseline 0 -23"><span class='ocrx_word' id='word_1_79' title='bbox 324 1113 480 1188; x_wconf 78' lang='lat' dir='ltr'><strong>quod</strong></span> <span class='ocrx_word' id='word_1_80' title='bbox 509 1114 663 1172; x_wconf 90' lang='lat' dir='ltr'><strong>aliud</strong></span> <span class='ocrx_word' id='word_1_81' title='bbox 692 1115 798 1173; x_wconf 90' lang='lat' dir='ltr'><strong>iter</strong></span> <span class='ocrx_word' id='word_1_82' title='bbox 841 1115 1117 1173; x_wconf 85' lang='lat' dir='ltr'><strong>haberent</strong></span> <span class='ocrx_word' id='word_1_83' title='bbox 1158 1116 1419 1173; x_wconf 89' lang='lat' dir='ltr'><strong>nullum:</strong></span> <span class='ocrx_word' id='word_1_84' title='bbox 1462 1133 1688 1193; x_wconf 90' lang='lat' dir='ltr'><strong>rogare,</strong></span> <span class='ocrx_word' id='word_1_85' title='bbox 1717 1125 1781 1173; x_wconf 88' lang='lat' dir='ltr'><strong>ut</strong></span> <span class='ocrx_word' id='word_1_86' title='bbox 1826 1115 1950 1192; x_wconf 86' lang='lat' dir='ltr'><strong>ejus</strong></span> <span class='ocrx_word' id='word_1_87' title='bbox 1991 1114 2283 1172; x_wconf 88' lang='lat' dir='ltr'><strong>voluntate</strong></span> <span class='ocrx_word' id='word_1_88' title='bbox 2324 1112 2383 1171; x_wconf 91' lang='lat' dir='ltr'><strong>id</strong></span> 
     </span>
     <span class='ocr_line' id='line_1_11' title="bbox 322 1204 2378 1282; baseline 0 -20"><span class='ocrx_word' id='word_1_89' title='bbox 322 1205 433 1263; x_wconf 91' lang='lat' dir='ltr'><strong>sibi</strong></span> <span class='ocrx_word' id='word_1_90' title='bbox 462 1204 656 1265; x_wconf 86' lang='lat' dir='ltr'><strong>facere</strong></span> <span class='ocrx_word' id='word_1_91' title='bbox 692 1206 900 1264; x_wconf 87' lang='lat' dir='ltr'><strong>liceat.&#39;</strong></span> <span class='ocrx_word' id='word_1_92' title='bbox 984 1205 1200 1278; x_wconf 80' lang='lat' dir='ltr'><strong>Caesar,</strong></span> <span class='ocrx_word' id='word_1_93' title='bbox 1231 1207 1386 1282; x_wconf 79' lang='lat' dir='ltr'><strong>quod</strong></span> <span class='ocrx_word' id='word_1_94' title='bbox 1428 1207 1706 1264; x_wconf 66' lang='lat' dir='ltr'><strong>memoria</strong></span> <span class='ocrx_word' id='word_1_95' title='bbox 1753 1207 1987 1264; x_wconf 84' lang='lat' dir='ltr'><strong>tenebat</strong></span> <span class='ocrx_word' id='word_1_96' title='bbox 2012 1205 2079 1264; x_wconf 89' lang='lat' dir='ltr'><strong>L.</strong></span> <span class='ocrx_word' id='word_1_97' title='bbox 2110 1205 2378 1264; x_wconf 88' lang='lat' dir='ltr'><strong>Cassium</strong></span> 
     </span>
     <span class='ocr_line' id='line_1_12' title="bbox 323 1296 2383 1377; baseline 0 -23"><span class='ocrx_word' id='word_1_98' title='bbox 323 1297 620 1355; x_wconf 90' lang='lat' dir='ltr'><strong>consulem</strong></span> <span class='ocrx_word' id='word_1_99' title='bbox 660 1298 942 1370; x_wconf 81' lang='lat' dir='ltr'><strong>occisum,</strong></span> <span class='ocrx_word' id='word_1_100' title='bbox 971 1298 1405 1374; x_wconf 87' lang='lat' dir='ltr'><strong>exercitumque</strong></span> <span class='ocrx_word' id='word_1_101' title='bbox 1446 1298 1572 1377; x_wconf 87' lang='lat' dir='ltr'><strong>ejus</strong></span> <span class='ocrx_word' id='word_1_102' title='bbox 1615 1299 1687 1355; x_wconf 87' lang='lat' dir='ltr'><strong>ab</strong></span> <span class='ocrx_word' id='word_1_103' title='bbox 1728 1296 2013 1356; x_wconf 88' lang='lat' dir='ltr'><strong>Helvetiis</strong></span> <span class='ocrx_word' id='word_1_104' title='bbox 2052 1297 2282 1374; x_wconf 87' lang='lat' dir='ltr'><strong>pulsum</strong></span> <span class='ocrx_word' id='word_1_105' title='bbox 2323 1307 2383 1354; x_wconf 93' lang='lat' dir='ltr'><strong>et</strong></span> 
     </span>
     <span class='ocr_line' id='line_1_13' title="bbox 322 1388 2383 1467; baseline 0 -22"><span class='ocrx_word' id='word_1_106' title='bbox 322 1389 431 1445; x_wconf 88' lang='lat' dir='ltr'><strong>sub</strong></span> <span class='ocrx_word' id='word_1_107' title='bbox 454 1388 660 1467; x_wconf 85' lang='lat' dir='ltr'><strong>jugum</strong></span> <span class='ocrx_word' id='word_1_108' title='bbox 688 1389 946 1462; x_wconf 87' lang='lat' dir='ltr'><strong>missum,</strong></span> <span class='ocrx_word' id='word_1_109' title='bbox 975 1389 1415 1447; x_wconf 88' lang='lat' dir='ltr'><strong>concedendum</strong></span> <span class='ocrx_word' id='word_1_110' title='bbox 1443 1409 1561 1447; x_wconf 92' lang='lat' dir='ltr'><strong>non</strong></span> <span class='ocrx_word' id='word_1_111' title='bbox 1586 1389 1825 1465; x_wconf 90' lang='lat' dir='ltr'><strong>putabat</strong></span> <span class='ocrx_word' id='word_1_112' title='bbox 1848 1408 1862 1446; x_wconf 73' lang='lat' dir='ltr'><em>z</em></span> <span class='ocrx_word' id='word_1_113' title='bbox 1905 1406 2094 1464; x_wconf 92' lang='lat' dir='ltr'><strong>neque</strong></span> <span class='ocrx_word' id='word_1_114' title='bbox 2123 1388 2383 1446; x_wconf 85' lang='lat' dir='ltr'><strong>homines</strong></span> 
     </span>
     <span class='ocr_line' id='line_1_14' title="bbox 322 1479 2381 1558; baseline 0 -20"><span class='ocrx_word' id='word_1_115' title='bbox 322 1479 562 1538; x_wconf 90' lang='lat' dir='ltr'><strong>inimico</strong></span> <span class='ocrx_word' id='word_1_116' title='bbox 588 1481 802 1553; x_wconf 89' lang='lat' dir='ltr'><strong>anim0,</strong></span> <span class='ocrx_word' id='word_1_117' title='bbox 830 1481 965 1539; x_wconf 65' lang='lat' dir='ltr'><strong>data</strong></span> <span class='ocrx_word' id='word_1_118' title='bbox 994 1481 1267 1539; x_wconf 86' lang='lat' dir='ltr'><strong>facultate</strong></span> <span class='ocrx_word' id='word_1_119' title='bbox 1307 1499 1408 1558; x_wconf 87' lang='lat' dir='ltr'><strong>per</strong></span> <span class='ocrx_word' id='word_1_120' title='bbox 1448 1480 1805 1557; x_wconf 88' lang='lat' dir='ltr'><strong>provinciam</strong></span> <span class='ocrx_word' id='word_1_121' title='bbox 1846 1479 2068 1538; x_wconf 88' lang='lat' dir='ltr'><strong>itineris</strong></span> <span class='ocrx_word' id='word_1_122' title='bbox 2109 1480 2381 1553; x_wconf 87' lang='lat' dir='ltr'><strong>faciendi,</strong></span> 
     </span>
     <span class='ocr_line' id='line_1_15' title="bbox 327 1571 2383 1649; baseline 0 -19"><span class='ocrx_word' id='word_1_123' title='bbox 327 1582 743 1648; x_wconf 89' lang='lat' dir='ltr'><strong>temperaturos</strong></span> <span class='ocrx_word' id='word_1_124' title='bbox 793 1572 863 1630; x_wconf 87' lang='lat' dir='ltr'><strong>ab</strong></span> <span class='ocrx_word' id='word_1_125' title='bbox 911 1572 1121 1649; x_wconf 66' lang='lat' dir='ltr'><strong>injuria</strong></span> <span class='ocrx_word' id='word_1_126' title='bbox 1168 1583 1226 1630; x_wconf 94' lang='lat' dir='ltr'><strong>et</strong></span> <span class='ocrx_word' id='word_1_127' title='bbox 1272 1572 1559 1630; x_wconf 89' lang='lat' dir='ltr'><strong>maleficio</strong></span> <span class='ocrx_word' id='word_1_128' title='bbox 1605 1571 1995 1630; x_wconf 87' lang='lat' dir='ltr'><strong>existimabat:</strong></span> <span class='ocrx_word' id='word_1_129' title='bbox 2051 1581 2265 1643; x_wconf 91' lang='lat' dir='ltr'><strong>tamen,</strong></span> <span class='ocrx_word' id='word_1_130' title='bbox 2319 1583 2383 1630; x_wconf 91' lang='lat' dir='ltr'><strong>ut</strong></span> 
     </span>
     <span class='ocr_line' id='line_1_16' title="bbox 323 1662 2380 1740; baseline 0 -19"><span class='ocrx_word' id='word_1_131' title='bbox 323 1664 571 1740; x_wconf 89' lang='lat' dir='ltr'><strong>spatium</strong></span> <span class='ocrx_word' id='word_1_132' title='bbox 626 1663 986 1722; x_wconf 89' lang='lat' dir='ltr'><strong>intercedere</strong></span> <span class='ocrx_word' id='word_1_133' title='bbox 1039 1674 1251 1740; x_wconf 88' lang='lat' dir='ltr'><strong>posset,</strong></span> <span class='ocrx_word' id='word_1_134' title='bbox 1309 1664 1447 1720; x_wconf 90' lang='lat' dir='ltr'><strong>dum</strong></span> <span class='ocrx_word' id='word_1_135' title='bbox 1501 1664 1732 1735; x_wconf 90' lang='lat' dir='ltr'><strong>milites,</strong></span> <span class='ocrx_word' id='word_1_136' title='bbox 1789 1682 1932 1738; x_wconf 89' lang='lat' dir='ltr'><strong>quos</strong></span> <span class='ocrx_word' id='word_1_137' title='bbox 1986 1662 2380 1739; x_wconf 87' lang='lat' dir='ltr'><strong>imperaverat,</strong></span> 
     </span>
     <span class='ocr_line' id='line_1_17' title="bbox 323 1748 2379 1832; baseline 0 -19"><span class='ocrx_word' id='word_1_138' title='bbox 323 1755 718 1826; x_wconf 89' lang='lat' dir='ltr'><strong>convenirent,</strong></span> <span class='ocrx_word' id='word_1_139' title='bbox 749 1748 952 1832; x_wconf 83' lang='lat' dir='ltr'><strong>legatis</strong></span> <span class='ocrx_word' id='word_1_140' title='bbox 978 1756 1271 1830; x_wconf 86' lang='lat' dir='ltr'><strong>respondit</strong></span> <span class='ocrx_word' id='word_1_141' title='bbox 1298 1762 1312 1787; x_wconf 91' lang='lat'>‘</span> <span class='ocrx_word' id='word_1_142' title='bbox 1334 1755 1488 1813; x_wconf 89' lang='lat' dir='ltr'><strong>diem</strong></span> <span class='ocrx_word' id='word_1_143' title='bbox 1517 1773 1579 1812; x_wconf 91' lang='lat' dir='ltr'><strong>se</strong></span> <span class='ocrx_word' id='word_1_144' title='bbox 1608 1754 1679 1812; x_wconf 86' lang='lat' dir='ltr'><strong>ad</strong></span> <span class='ocrx_word' id='word_1_145' title='bbox 1720 1753 2157 1812; x_wconf 89' lang='lat' dir='ltr'><strong>deliberandum</strong></span> <span class='ocrx_word' id='word_1_146' title='bbox 2193 1774 2379 1832; x_wconf 88' lang='lat' dir='ltr'><strong>sump-</strong></span> 
     </span>
     <span class='ocr_line' id='line_1_18' title="bbox 321 1846 2060 1923; baseline -0.001 -19"><span class='ocrx_word' id='word_1_147' title='bbox 321 1858 546 1916; x_wconf 83' lang='lat' dir='ltr'><strong>turum3</strong></span> <span class='ocrx_word' id='word_1_148' title='bbox 590 1846 638 1904; x_wconf 90' lang='lat' dir='ltr'><strong>si</strong></span> <span class='ocrx_word' id='word_1_149' title='bbox 668 1847 806 1922; x_wconf 91' lang='lat' dir='ltr'><strong>quid</strong></span> <span class='ocrx_word' id='word_1_150' title='bbox 834 1846 1063 1918; x_wconf 89' lang='lat' dir='ltr'><strong>vellent,</strong></span> <span class='ocrx_word' id='word_1_151' title='bbox 1096 1867 1142 1904; x_wconf 90' lang='lat' dir='ltr'><strong>a.</strong></span> <span class='ocrx_word' id='word_1_152' title='bbox 1175 1846 1226 1903; x_wconf 91' lang='lat' dir='ltr'><strong>d.</strong></span> <span class='ocrx_word' id='word_1_153' title='bbox 1258 1847 1400 1904; x_wconf 90' lang='lat' dir='ltr'><strong>Idus</strong></span> <span class='ocrx_word' id='word_1_154' title='bbox 1435 1846 1576 1923; x_wconf 90' lang='lat' dir='ltr'><strong>Apr.</strong></span> <span class='ocrx_word' id='word_1_155' title='bbox 1606 1847 2060 1905; x_wconf 65' lang='lat' dir='ltr'><strong>reverterentur?</strong></span> 
     </span>
    </p>

    <p class='ocr_par' dir='ltr' id='par_1_3' title="bbox 317 1937 2379 2932">
     <span class='ocr_line' id='line_1_19' title="bbox 398 1937 2378 2017; baseline 0.001 -21"><span class='ocrx_word' id='word_1_156' title='bbox 398 1938 564 1997; x_wconf 90' lang='lat' dir='ltr'><strong>VIII.</strong></span> <span class='ocrx_word' id='word_1_157' title='bbox 635 1938 861 1996; x_wconf 89' lang='lat' dir='ltr'><strong>Interea</strong></span> <span class='ocrx_word' id='word_1_158' title='bbox 887 1939 958 1996; x_wconf 67' lang='lat' dir='ltr'><strong>ea</strong></span> <span class='ocrx_word' id='word_1_159' title='bbox 984 1939 1233 2017; x_wconf 89' lang='lat' dir='ltr'><strong>legione,</strong></span> <span class='ocrx_word' id='word_1_160' title='bbox 1255 1957 1429 2014; x_wconf 90' lang='lat' dir='ltr'><strong>quam</strong></span> <span class='ocrx_word' id='word_1_161' title='bbox 1451 1956 1650 1996; x_wconf 90' lang='lat' dir='ltr'><strong>secum</strong></span> <span class='ocrx_word' id='word_1_162' title='bbox 1679 1937 1945 2010; x_wconf 90' lang='lat' dir='ltr'><strong>habebat,</strong></span> <span class='ocrx_word' id='word_1_163' title='bbox 1968 1937 2378 2014; x_wconf 84' lang='lat' dir='ltr'><strong>militibusque,</strong></span> 
     </span>
     <span class='ocr_line' id='line_1_20' title="bbox 320 2028 2377 2106; baseline 0 -19"><span class='ocrx_word' id='word_1_164' title='bbox 320 2030 420 2106; x_wconf 90' lang='lat' dir='ltr'><strong>qui</strong></span> <span class='ocrx_word' id='word_1_165' title='bbox 458 2049 529 2088; x_wconf 82' lang='lat' dir='ltr'><strong>ex</strong></span> <span class='ocrx_word' id='word_1_166' title='bbox 554 2030 853 2106; x_wconf 68' lang='lat' dir='ltr'><strong>provincia</strong></span> <span class='ocrx_word' id='word_1_167' title='bbox 896 2040 1303 2102; x_wconf 86' lang='lat' dir='ltr'><strong>convenerant,</strong></span> <span class='ocrx_word' id='word_1_168' title='bbox 1335 2050 1368 2087; x_wconf 90' lang='lat' dir='ltr'><strong>a</strong></span> <span class='ocrx_word' id='word_1_169' title='bbox 1393 2031 1525 2088; x_wconf 91' lang='lat' dir='ltr'><strong>lacu</strong></span> <span class='ocrx_word' id='word_1_170' title='bbox 1568 2029 1888 2101; x_wconf 86' lang='lat' dir='ltr'><strong>Lemanno,</strong></span> <span class='ocrx_word' id='word_1_171' title='bbox 1917 2028 2017 2105; x_wconf 91' lang='lat' dir='ltr'><strong>qui</strong></span> <span class='ocrx_word' id='word_1_172' title='bbox 2059 2029 2120 2087; x_wconf 89' lang='lat' dir='ltr'><strong>in</strong></span> <span class='ocrx_word' id='word_1_173' title='bbox 2161 2029 2377 2088; x_wconf 90' lang='lat' dir='ltr'><strong>flumen</strong></span> 
     </span>
     <span class='ocr_line' id='line_1_21' title="bbox 320 2120 2378 2199; baseline -0 -20"><span class='ocrx_word' id='word_1_174' title='bbox 320 2120 674 2179; x_wconf 85' lang='lat' dir='ltr'><strong>Rhodanum</strong></span> <span class='ocrx_word' id='word_1_175' title='bbox 704 2122 912 2195; x_wconf 90' lang='lat' dir='ltr'><strong>influit,</strong></span> <span class='ocrx_word' id='word_1_176' title='bbox 943 2122 1015 2179; x_wconf 83' lang='lat' dir='ltr'><strong>ad</strong></span> <span class='ocrx_word' id='word_1_177' title='bbox 1042 2132 1294 2180; x_wconf 91' lang='lat' dir='ltr'><strong>montem</strong></span> <span class='ocrx_word' id='word_1_178' title='bbox 1323 2122 1547 2195; x_wconf 90' lang='lat' dir='ltr'><strong>Juram,</strong></span> <span class='ocrx_word' id='word_1_179' title='bbox 1575 2121 1675 2199; x_wconf 92' lang='lat' dir='ltr'><strong>qui</strong></span> <span class='ocrx_word' id='word_1_180' title='bbox 1702 2120 1846 2179; x_wconf 84' lang='lat' dir='ltr'><strong>fines</strong></span> <span class='ocrx_word' id='word_1_181' title='bbox 1870 2121 2277 2197; x_wconf 81' lang='lat' dir='ltr'><strong>Sequanorum</strong></span> <span class='ocrx_word' id='word_1_182' title='bbox 2305 2121 2378 2179; x_wconf 90' lang='lat' dir='ltr'><strong>ab</strong></span> 
     </span>
     <span class='ocr_line' id='line_1_22' title="bbox 320 2211 2379 2291; baseline 0 -19"><span class='ocrx_word' id='word_1_183' title='bbox 320 2213 605 2273; x_wconf 85' lang='lat' dir='ltr'><strong>Helvetiis</strong></span> <span class='ocrx_word' id='word_1_184' title='bbox 632 2214 853 2286; x_wconf 91' lang='lat' dir='ltr'><strong>dividit,</strong></span> <span class='ocrx_word' id='word_1_185' title='bbox 882 2215 1063 2273; x_wconf 90' lang='lat' dir='ltr'><strong>millia</strong></span> <span class='ocrx_word' id='word_1_186' title='bbox 1083 2211 1360 2291; x_wconf 87' lang='lat' dir='ltr'><strong>passuum</strong></span> <span class='ocrx_word' id='word_1_187' title='bbox 1388 2214 1591 2272; x_wconf 90' lang='lat' dir='ltr'><strong>decem</strong></span> <span class='ocrx_word' id='word_1_188' title='bbox 1619 2232 1824 2272; x_wconf 87' lang='lat' dir='ltr'><strong>novem</strong></span> <span class='ocrx_word' id='word_1_189' title='bbox 1850 2231 2080 2272; x_wconf 90' lang='lat' dir='ltr'><strong>murum</strong></span> <span class='ocrx_word' id='word_1_190' title='bbox 2102 2212 2162 2271; x_wconf 91' lang='lat' dir='ltr'><strong>in</strong></span> <span class='ocrx_word' id='word_1_191' title='bbox 2192 2214 2379 2272; x_wconf 87' lang='lat' dir='ltr'><strong>altitu-</strong></span> 
     </span>
     <span class='ocr_line' id='line_1_23' title="bbox 319 2304 2375 2383; baseline 0.001 -22"><span class='ocrx_word' id='word_1_192' title='bbox 319 2305 515 2364; x_wconf 89' lang='lat' dir='ltr'><strong>dinem</strong></span> <span class='ocrx_word' id='word_1_193' title='bbox 545 2306 758 2382; x_wconf 89' lang='lat' dir='ltr'><strong>pedum</strong></span> <span class='ocrx_word' id='word_1_194' title='bbox 787 2306 1041 2365; x_wconf 87' lang='lat' dir='ltr'><strong>sedecim</strong></span> <span class='ocrx_word' id='word_1_195' title='bbox 1071 2308 1394 2382; x_wconf 82' lang='lat' dir='ltr'><strong>fossamque</strong></span> <span class='ocrx_word' id='word_1_196' title='bbox 1419 2305 1701 2383; x_wconf 86' lang='lat' dir='ltr'><strong>perducit.</strong></span> <span class='ocrx_word' id='word_1_197' title='bbox 1784 2304 1874 2363; x_wconf 89' lang='lat' dir='ltr'><strong>Eo</strong></span> <span class='ocrx_word' id='word_1_198' title='bbox 1899 2322 2073 2382; x_wconf 89' lang='lat' dir='ltr'><strong>opere</strong></span> <span class='ocrx_word' id='word_1_199' title='bbox 2098 2305 2375 2381; x_wconf 88' lang='lat' dir='ltr'><strong>perfect0,</strong></span> 
     </span>
     <span class='ocr_line' id='line_1_24' title="bbox 318 2385 2378 2475; baseline 0 -20"><span class='ocrx_word' id='word_1_200' title='bbox 318 2398 586 2473; x_wconf 83' lang='lat' dir='ltr'><strong>praesidia</strong></span> <span class='ocrx_word' id='word_1_201' title='bbox 623 2385 893 2475; x_wconf 88' lang='lat' dir='ltr'><strong>disponit,</strong></span> <span class='ocrx_word' id='word_1_202' title='bbox 934 2398 1169 2456; x_wconf 88' lang='lat' dir='ltr'><strong>castella</strong></span> <span class='ocrx_word' id='word_1_203' title='bbox 1209 2396 1547 2470; x_wconf 90' lang='lat' dir='ltr'><strong>communit,</strong></span> <span class='ocrx_word' id='word_1_204' title='bbox 1596 2395 1711 2472; x_wconf 76' lang='lat' dir='ltr'><strong>quo</strong></span> <span class='ocrx_word' id='word_1_205' title='bbox 1751 2394 2001 2469; x_wconf 75' lang='lat' dir='ltr'><strong>facilius,</strong></span> <span class='ocrx_word' id='word_1_206' title='bbox 2030 2396 2080 2454; x_wconf 91' lang='lat' dir='ltr'><strong>si</strong></span> <span class='ocrx_word' id='word_1_207' title='bbox 2107 2416 2170 2455; x_wconf 91' lang='lat' dir='ltr'><strong>se</strong></span> <span class='ocrx_word' id='word_1_208' title='bbox 2198 2397 2378 2455; x_wconf 85' lang='lat' dir='ltr'><strong>invito</strong></span> 
     </span>
     <span class='ocr_line' id='line_1_25' title="bbox 317 2488 2376 2572; baseline 0.001 -26"><span class='ocrx_word' id='word_1_209' title='bbox 317 2490 560 2548; x_wconf 88' lang='lat' dir='ltr'><strong>transire</strong></span> <span class='ocrx_word' id='word_1_210' title='bbox 589 2501 954 2562; x_wconf 87' lang='lat' dir='ltr'><strong>conarentur,</strong></span> <span class='ocrx_word' id='word_1_211' title='bbox 979 2490 1282 2566; x_wconf 90' lang='lat' dir='ltr'><strong>prohibere</strong></span> <span class='ocrx_word' id='word_1_212' title='bbox 1308 2489 1504 2565; x_wconf 86' lang='lat' dir='ltr'><strong>possit.</strong></span> <span class='ocrx_word' id='word_1_213' title='bbox 1584 2488 1701 2547; x_wconf 89' lang='lat' dir='ltr'><strong>Ubi</strong></span> <span class='ocrx_word' id='word_1_214' title='bbox 1742 2508 1813 2572; x_wconf 86' lang='lat' dir='ltr'><strong>ea</strong></span> <span class='ocrx_word' id='word_1_215' title='bbox 1851 2489 1995 2561; x_wconf 90' lang='lat' dir='ltr'><strong>dies,</strong></span> <span class='ocrx_word' id='word_1_216' title='bbox 2025 2508 2197 2565; x_wconf 88' lang='lat' dir='ltr'><strong>quam</strong></span> <span class='ocrx_word' id='word_1_217' title='bbox 2241 2508 2376 2548; x_wconf 87' lang='lat' dir='ltr'><strong>con·</strong></span> 
     </span>
     <span class='ocr_line' id='line_1_26' title="bbox 317 2581 2376 2660; baseline 0 -22"><span class='ocrx_word' id='word_1_218' title='bbox 317 2581 578 2639; x_wconf 89' lang='lat' dir='ltr'><strong>stituerat</strong></span> <span class='ocrx_word' id='word_1_219' title='bbox 605 2601 740 2639; x_wconf 91' lang='lat' dir='ltr'><strong>cum</strong></span> <span class='ocrx_word' id='word_1_220' title='bbox 767 2582 991 2660; x_wconf 89' lang='lat' dir='ltr'><strong>legatis,</strong></span> <span class='ocrx_word' id='word_1_221' title='bbox 1020 2582 1195 2653; x_wconf 88' lang='lat' dir='ltr'><strong>venit,</strong></span> <span class='ocrx_word' id='word_1_222' title='bbox 1224 2592 1282 2638; x_wconf 92' lang='lat' dir='ltr'><strong>et</strong></span> <span class='ocrx_word' id='word_1_223' title='bbox 1306 2581 1482 2659; x_wconf 89' lang='lat' dir='ltr'><strong>legati</strong></span> <span class='ocrx_word' id='word_1_224' title='bbox 1513 2581 1583 2638; x_wconf 89' lang='lat' dir='ltr'><strong>ad</strong></span> <span class='ocrx_word' id='word_1_225' title='bbox 1625 2599 1759 2638; x_wconf 91' lang='lat' dir='ltr'><strong>eum</strong></span> <span class='ocrx_word' id='word_1_226' title='bbox 1798 2591 2174 2653; x_wconf 89' lang='lat' dir='ltr'><strong>reverterunt,</strong></span> <span class='ocrx_word' id='word_1_227' title='bbox 2202 2591 2376 2658; x_wconf 88' lang='lat' dir='ltr'><strong>negat</strong></span> 
     </span>
     <span class='ocr_line' id='line_1_27' title="bbox 318 2672 2377 2749; baseline 0 -20"><span class='ocrx_word' id='word_1_228' title='bbox 318 2679 335 2706; x_wconf 80' lang='lat'><em>⁴</em></span> <span class='ocrx_word' id='word_1_229' title='bbox 359 2691 421 2729; x_wconf 91' lang='lat' dir='ltr'><strong>se</strong></span> <span class='ocrx_word' id='word_1_230' title='bbox 449 2691 608 2730; x_wconf 91' lang='lat' dir='ltr'><strong>more</strong></span> <span class='ocrx_word' id='word_1_231' title='bbox 636 2682 694 2730; x_wconf 92' lang='lat' dir='ltr'><strong>et</strong></span> <span class='ocrx_word' id='word_1_232' title='bbox 720 2673 981 2748; x_wconf 84' lang='lat' dir='ltr'><strong>exemplo</strong></span> <span class='ocrx_word' id='word_1_233' title='bbox 1005 2672 1203 2748; x_wconf 89' lang='lat' dir='ltr'><strong>populi</strong></span> <span class='ocrx_word' id='word_1_234' title='bbox 1231 2672 1488 2729; x_wconf 87' lang='lat' dir='ltr'><strong>Romani</strong></span> <span class='ocrx_word' id='word_1_235' title='bbox 1514 2691 1682 2748; x_wconf 89' lang='lat' dir='ltr'><strong>posse</strong></span> <span class='ocrx_word' id='word_1_236' title='bbox 1720 2672 1827 2729; x_wconf 90' lang='lat' dir='ltr'><strong>iter</strong></span> <span class='ocrx_word' id='word_1_237' title='bbox 1868 2672 1971 2729; x_wconf 90' lang='lat' dir='ltr'><strong>ulli</strong></span> <span class='ocrx_word' id='word_1_238' title='bbox 2011 2691 2113 2747; x_wconf 87' lang='lat' dir='ltr'><strong>per</strong></span> <span class='ocrx_word' id='word_1_239' title='bbox 2152 2673 2377 2749; x_wconf 87' lang='lat' dir='ltr'><strong>provin-</strong></span> 
     </span>
     <span class='ocr_line' id='line_1_28' title="bbox 317 2762 2376 2838; baseline 0 -17"><span class='ocrx_word' id='word_1_240' title='bbox 317 2764 468 2821; x_wconf 88' lang='lat' dir='ltr'><strong>ciam</strong></span> <span class='ocrx_word' id='word_1_241' title='bbox 497 2764 634 2821; x_wconf 91' lang='lat' dir='ltr'><strong>dare</strong></span> <span class='ocrx_word' id='word_1_242' title='bbox 654 2784 669 2834; x_wconf 91' lang='lat'>;</span> <span class='ocrx_word' id='word_1_243' title='bbox 689 2764 703 2791; x_wconf 92' lang='lat'>&#39;</span> <span class='ocrx_word' id='word_1_244' title='bbox 749 2775 825 2835; x_wconf 90' lang='lat' dir='ltr'><strong>et,</strong></span> <span class='ocrx_word' id='word_1_245' title='bbox 856 2770 872 2796; x_wconf 87' lang='lat'>‘</span> <span class='ocrx_word' id='word_1_246' title='bbox 896 2763 945 2820; x_wconf 88' lang='lat' dir='ltr'><strong>si</strong></span> <span class='ocrx_word' id='word_1_247' title='bbox 982 2764 1096 2820; x_wconf 86' lang='lat' dir='ltr'><strong>vim</strong></span> <span class='ocrx_word' id='word_1_248' title='bbox 1139 2763 1330 2820; x_wconf 84' lang='lat' dir='ltr'><strong>facere</strong></span> <span class='ocrx_word' id='word_1_249' title='bbox 1371 2774 1673 2833; x_wconf 90' lang='lat' dir='ltr'><strong>conentur,</strong></span> <span class='ocrx_word' id='word_1_250' title='bbox 1699 2762 2122 2838; x_wconf 79' lang='lat' dir='ltr'><strong>prohibiturum</strong></span> <span class='ocrx_word' id='word_1_251' title='bbox 2143 2764 2159 2791; x_wconf 86' lang='lat'>’</span> <span class='ocrx_word' id='word_1_252' title='bbox 2189 2775 2376 2821; x_wconf 88' lang='lat' dir='ltr'><strong>osten-</strong></span> 
     </span>
     <span class='ocr_line' id='line_1_29' title="bbox 317 2852 2375 2932; baseline 0 -21"><span class='ocrx_word' id='word_1_253' title='bbox 317 2854 416 2912; x_wconf 89' lang='lat' dir='ltr'><strong>dit.</strong></span> <span class='ocrx_word' id='word_1_254' title='bbox 503 2854 777 2928; x_wconf 87' lang='lat' dir='ltr'><strong>Helvetii,</strong></span> <span class='ocrx_word' id='word_1_255' title='bbox 806 2855 877 2913; x_wconf 68' lang='lat' dir='ltr'><strong>ea</strong></span> <span class='ocrx_word' id='word_1_256' title='bbox 904 2873 1004 2930; x_wconf 91' lang='lat' dir='ltr'><strong>spe</strong></span> <span class='ocrx_word' id='word_1_257' title='bbox 1046 2854 1274 2930; x_wconf 90' lang='lat' dir='ltr'><strong>dejecti,</strong></span> <span class='ocrx_word' id='word_1_258' title='bbox 1304 2854 1545 2910; x_wconf 89' lang='lat' dir='ltr'><strong>navibus</strong></span> <span class='ocrx_word' id='word_1_259' title='bbox 1580 2853 1818 2929; x_wconf 86' lang='lat' dir='ltr'><strong>junctis,</strong></span> <span class='ocrx_word' id='word_1_260' title='bbox 1846 2852 2180 2932; x_wconf 75' lang='lat' dir='ltr'><strong>ratibusque</strong></span> <span class='ocrx_word' id='word_1_261' title='bbox 2220 2867 2375 2912; x_wconf 86' lang='lat' dir='ltr'><strong>com-</strong></span> 
     </span>
    </p>
   </div>
   <div class='ocr_carea' id='block_1_3' title="bbox 228 2942 2375 3113">
    <p class='ocr_par' dir='ltr' id='par_1_4' title="bbox 228 2942 2375 3113">
     <span class='ocr_line' id='line_1_30' title="bbox 316 2942 2375 3022; baseline 0 -19"><span class='ocrx_word' id='word_1_262' title='bbox 316 2946 576 3022; x_wconf 88' lang='lat' dir='ltr'><strong>pluribus</strong></span> <span class='ocrx_word' id='word_1_263' title='bbox 604 2946 791 3019; x_wconf 87' lang='lat' dir='ltr'><strong>factis,</strong></span> <span class='ocrx_word' id='word_1_264' title='bbox 822 2945 917 3003; x_wconf 89' lang='lat' dir='ltr'><strong>alii</strong></span> <span class='ocrx_word' id='word_1_265' title='bbox 946 2946 1104 3003; x_wconf 87' lang='lat' dir='ltr'><strong>vadis</strong></span> <span class='ocrx_word' id='word_1_266' title='bbox 1132 2944 1429 3016; x_wconf 87' lang='lat' dir='ltr'><strong>Rhodani,</strong></span> <span class='ocrx_word' id='word_1_267' title='bbox 1451 2942 1566 3019; x_wconf 71' lang='lat' dir='ltr'><strong>qua</strong></span> <span class='ocrx_word' id='word_1_268' title='bbox 1594 2943 1833 3001; x_wconf 90' lang='lat' dir='ltr'><strong>minima</strong></span> <span class='ocrx_word' id='word_1_269' title='bbox 1861 2942 2102 3001; x_wconf 88' lang='lat' dir='ltr'><strong>altitudo</strong></span> <span class='ocrx_word' id='word_1_270' title='bbox 2121 2944 2375 3004; x_wconf 88' lang='lat' dir='ltr'><strong>fluminis</strong></span> 
     </span>
     <span class='ocr_line' id='line_1_31' title="bbox 228 3028 2374 3113; baseline -0.001 -18"><span class='ocrx_word' id='word_1_271' title='bbox 228 3037 255 3052; x_wconf 78' lang='grc'><strong>’”</strong></span> <span class='ocrx_word' id='word_1_272' title='bbox 316 3048 457 3109; x_wconf 90' lang='lat' dir='ltr'><strong>erat,</strong></span> <span class='ocrx_word' id='word_1_273' title='bbox 487 3028 900 3113; x_wconf 85' lang='lat' dir='ltr'><strong>nonnunquam</strong></span> <span class='ocrx_word' id='word_1_274' title='bbox 944 3037 1213 3108; x_wconf 90' lang='lat' dir='ltr'><strong>interdiu,</strong></span> <span class='ocrx_word' id='word_1_275' title='bbox 1255 3037 1464 3111; x_wconf 73' lang='lat' dir='ltr'><strong>saepius</strong></span> <span class='ocrx_word' id='word_1_276' title='bbox 1505 3046 1701 3105; x_wconf 89' lang='lat' dir='ltr'><strong>noctu,</strong></span> <span class='ocrx_word' id='word_1_277' title='bbox 1744 3035 1792 3092; x_wconf 93' lang='lat' dir='ltr'><strong>si</strong></span> <span class='ocrx_word' id='word_1_278' title='bbox 1834 3053 2204 3111; x_wconf 88' lang='lat' dir='ltr'><strong>perrumpere</strong></span> <span class='ocrx_word' id='word_1_279' title='bbox 2246 3056 2374 3113; x_wconf 87' lang='lat' dir='ltr'><strong>pos-</strong></span> 
     </span>
    </p>
   </div>
   <div class='ocr_carea' id='block_1_4' title="bbox 315 3126 2374 3204">
    <p class='ocr_par' dir='ltr' id='par_1_5' title="bbox 315 3126 2374 3204">
     <span class='ocr_line' id='line_1_32' title="bbox 315 3126 2374 3204; baseline -0 -17"><span class='ocrx_word' id='word_1_280' title='bbox 315 3141 462 3201; x_wconf 88' lang='lat' dir='ltr'><strong>sent,</strong></span> <span class='ocrx_word' id='word_1_281' title='bbox 519 3129 732 3200; x_wconf 88' lang='lat' dir='ltr'><strong>conati,</strong></span> <span class='ocrx_word' id='word_1_282' title='bbox 775 3129 963 3204; x_wconf 88' lang='lat' dir='ltr'><strong>operis</strong></span> <span class='ocrx_word' id='word_1_283' title='bbox 1016 3128 1336 3186; x_wconf 88' lang='lat' dir='ltr'><strong>munitione</strong></span> <span class='ocrx_word' id='word_1_284' title='bbox 1388 3137 1446 3185; x_wconf 94' lang='lat' dir='ltr'><strong>et</strong></span> <span class='ocrx_word' id='word_1_285' title='bbox 1501 3126 1747 3184; x_wconf 91' lang='lat' dir='ltr'><strong>militum</strong></span> <span class='ocrx_word' id='word_1_286' title='bbox 1801 3145 2088 3184; x_wconf 86' lang='lat' dir='ltr'><strong>concursu</strong></span> <span class='ocrx_word' id='word_1_287' title='bbox 2141 3138 2200 3186; x_wconf 92' lang='lat' dir='ltr'><strong>et</strong></span> <span class='ocrx_word' id='word_1_288' title='bbox 2244 3128 2374 3186; x_wconf 86' lang='lat' dir='ltr'><strong>telis</strong></span> 
     </span>
    </p>
   </div>
   <div class='ocr_carea' id='block_1_5' title="bbox 136 3219 1356 3297">
    <p class='ocr_par' dir='ltr' id='par_1_6' title="bbox 136 3219 1356 3297">
     <span class='ocr_line' id='line_1_33' title="bbox 136 3219 1356 3297; baseline -0.002 -19"><span class='ocrx_word' id='word_1_289' title='bbox 136 3263 149 3270; x_wconf 65' lang='lat'>—</span> <span class='ocrx_word' id='word_1_290' title='bbox 176 3229 243 3278; x_wconf 50' lang='grc' dir='ltr'><strong>ζ*</strong></span> <span class='ocrx_word' id='word_1_291' title='bbox 316 3221 549 3297; x_wconf 88' lang='lat' dir='ltr'><strong>repulsi,</strong></span> <span class='ocrx_word' id='word_1_292' title='bbox 593 3222 703 3278; x_wconf 90' lang='lat' dir='ltr'><strong>hoc</strong></span> <span class='ocrx_word' id='word_1_293' title='bbox 745 3230 956 3278; x_wconf 89' lang='lat' dir='ltr'><strong>conatu</strong></span> <span class='ocrx_word' id='word_1_294' title='bbox 999 3219 1356 3276; x_wconf 88' lang='lat' dir='ltr'><strong>destiterunt.</strong></span> 
     </span>
    </p>
   </div>
   <div class='ocr_carea' id='block_1_6' title="bbox 317 3309 2374 3938">
    <p class='ocr_par' dir='ltr' id='par_1_7' title="bbox 317 3309 2374 3938">
     <span class='ocr_line' id='line_1_34' title="bbox 393 3309 2373 3387; baseline 0 -18"><span class='ocrx_word' id='word_1_295' title='bbox 393 3312 503 3371; x_wconf 91' lang='lat' dir='ltr'><strong>IX.</strong></span> <span class='ocrx_word' id='word_1_296' title='bbox 588 3311 1048 3386; x_wconf 87' lang='lat' dir='ltr'><strong>Relinquebatur</strong></span> <span class='ocrx_word' id='word_1_297' title='bbox 1092 3330 1209 3368; x_wconf 86' lang='lat' dir='ltr'><strong>una</strong></span> <span class='ocrx_word' id='word_1_298' title='bbox 1251 3329 1353 3386; x_wconf 91' lang='lat' dir='ltr'><strong>per</strong></span> <span class='ocrx_word' id='word_1_299' title='bbox 1397 3310 1698 3383; x_wconf 89' lang='lat' dir='ltr'><strong>Sequanos</strong></span> <span class='ocrx_word' id='word_1_300' title='bbox 1750 3309 1862 3381; x_wconf 86' lang='lat' dir='ltr'><strong>via,</strong></span> <span class='ocrx_word' id='word_1_301' title='bbox 1910 3310 2045 3385; x_wconf 63' lang='lat' dir='ltr'><strong>qua,</strong></span> <span class='ocrx_word' id='word_1_302' title='bbox 2088 3309 2373 3387; x_wconf 85' lang='lat' dir='ltr'><strong>Sequanis</strong></span> 
     </span>
     <span class='ocr_line' id='line_1_35' title="bbox 317 3402 2371 3480; baseline 0 -18"><span class='ocrx_word' id='word_1_303' title='bbox 317 3406 530 3476; x_wconf 75' lang='lat' dir='ltr'><strong>invitis,</strong></span> <span class='ocrx_word' id='word_1_304' title='bbox 583 3416 814 3480; x_wconf 90' lang='lat' dir='ltr'><strong>propter</strong></span> <span class='ocrx_word' id='word_1_305' title='bbox 865 3404 1178 3480; x_wconf 87' lang='lat' dir='ltr'><strong>angustias</strong></span> <span class='ocrx_word' id='word_1_306' title='bbox 1206 3403 1289 3461; x_wconf 89' lang='lat' dir='ltr'><strong>ire</strong></span> <span class='ocrx_word' id='word_1_307' title='bbox 1336 3422 1453 3460; x_wconf 90' lang='lat' dir='ltr'><strong>non</strong></span> <span class='ocrx_word' id='word_1_308' title='bbox 1507 3411 1787 3478; x_wconf 84' lang='lat' dir='ltr'><strong>poterant.</strong></span> <span class='ocrx_word' id='word_1_309' title='bbox 1870 3402 1984 3461; x_wconf 89' lang='lat' dir='ltr'><strong>His</strong></span> <span class='ocrx_word' id='word_1_310' title='bbox 2036 3423 2214 3479; x_wconf 86' lang='lat' dir='ltr'><strong>quum</strong></span> <span class='ocrx_word' id='word_1_311' title='bbox 2267 3405 2371 3462; x_wconf 67' lang='lat' dir='ltr'><strong>susi</strong></span> 
     </span>
     <span class='ocr_line' id='line_1_36' title="bbox 317 3493 2371 3572; baseline 0 -19"><span class='ocrx_word' id='word_1_312' title='bbox 317 3507 518 3571; x_wconf 90' lang='lat' dir='ltr'><strong>sponte</strong></span> <span class='ocrx_word' id='word_1_313' title='bbox 543 3497 889 3571; x_wconf 89' lang='lat' dir='ltr'><strong>persuadere</strong></span> <span class='ocrx_word' id='word_1_314' title='bbox 916 3515 1030 3552; x_wconf 91' lang='lat' dir='ltr'><strong>non</strong></span> <span class='ocrx_word' id='word_1_315' title='bbox 1052 3506 1303 3571; x_wconf 87' lang='lat' dir='ltr'><strong>possent,</strong></span> <span class='ocrx_word' id='word_1_316' title='bbox 1324 3495 1545 3572; x_wconf 88' lang='lat' dir='ltr'><strong>legatos</strong></span> <span class='ocrx_word' id='word_1_317' title='bbox 1575 3494 1646 3551; x_wconf 88' lang='lat' dir='ltr'><strong>ad</strong></span> <span class='ocrx_word' id='word_1_318' title='bbox 1673 3493 2092 3571; x_wconf 88' lang='lat' dir='ltr'><strong>Dumnorigem</strong></span> <span class='ocrx_word' id='word_1_319' title='bbox 2115 3494 2371 3553; x_wconf 89' lang='lat' dir='ltr'><strong>AEduum</strong></span> 
     </span>
     <span class='ocr_line' id='line_1_37' title="bbox 317 3585 2374 3663; baseline -0 -18"><span class='ocrx_word' id='word_1_320' title='bbox 317 3587 568 3657; x_wconf 90' lang='lat' dir='ltr'><strong>mittunt,</strong></span> <span class='ocrx_word' id='word_1_321' title='bbox 598 3597 682 3658; x_wconf 90' lang='lat' dir='ltr'><strong>ut,</strong></span> <span class='ocrx_word' id='word_1_322' title='bbox 711 3606 783 3645; x_wconf 92' lang='lat' dir='ltr'><strong>eo</strong></span> <span class='ocrx_word' id='word_1_323' title='bbox 822 3587 1212 3663; x_wconf 85' lang='lat' dir='ltr'><strong>deprecatore,</strong></span> <span class='ocrx_word' id='word_1_324' title='bbox 1245 3606 1277 3643; x_wconf 91' lang='lat' dir='ltr'><strong>a</strong></span> <span class='ocrx_word' id='word_1_325' title='bbox 1318 3585 1606 3662; x_wconf 87' lang='lat' dir='ltr'><strong>Sequanis</strong></span> <span class='ocrx_word' id='word_1_326' title='bbox 1647 3585 2033 3660; x_wconf 89' lang='lat' dir='ltr'><strong>impetrarent.</strong></span> <span class='ocrx_word' id='word_1_327' title='bbox 2116 3586 2374 3644; x_wconf 89' lang='lat' dir='ltr'><strong>Dumno-</strong></span> 
     </span>
     <span class='ocr_line' id='line_1_38' title="bbox 320 3675 2373 3756; baseline 0 -19"><span class='ocrx_word' id='word_1_328' title='bbox 320 3679 403 3737; x_wconf 85' lang='lat' dir='ltr'><strong>rix</strong></span> <span class='ocrx_word' id='word_1_329' title='bbox 446 3679 631 3755; x_wconf 71' lang='lat' dir='ltr'><strong>gratifi.</strong></span> <span class='ocrx_word' id='word_1_330' title='bbox 678 3691 736 3737; x_wconf 92' lang='lat' dir='ltr'><strong>et</strong></span> <span class='ocrx_word' id='word_1_331' title='bbox 777 3679 1081 3756; x_wconf 84' lang='lat' dir='ltr'><strong>largitione</strong></span> <span class='ocrx_word' id='word_1_332' title='bbox 1127 3678 1275 3754; x_wconf 88' lang='lat' dir='ltr'><strong>apud</strong></span> <span class='ocrx_word' id='word_1_333' title='bbox 1320 3679 1622 3752; x_wconf 88' lang='lat' dir='ltr'><strong>Sequanos</strong></span> <span class='ocrx_word' id='word_1_334' title='bbox 1667 3675 1979 3752; x_wconf 72' lang='lat' dir='ltr'><strong>plurimum</strong></span> <span class='ocrx_word' id='word_1_335' title='bbox 2026 3688 2267 3753; x_wconf 86' lang='lat' dir='ltr'><strong>poterat,</strong></span> <span class='ocrx_word' id='word_1_336' title='bbox 2316 3691 2373 3737; x_wconf 88' lang='lat' dir='ltr'><strong>et</strong></span> 
     </span>
     <span class='ocr_line' id='line_1_39' title="bbox 319 3767 2373 3846; baseline 0 -18"><span class='ocrx_word' id='word_1_337' title='bbox 319 3770 603 3829; x_wconf 84' lang='lat' dir='ltr'><strong>Helvetiis</strong></span> <span class='ocrx_word' id='word_1_338' title='bbox 629 3781 751 3829; x_wconf 91' lang='lat' dir='ltr'><strong>erat</strong></span> <span class='ocrx_word' id='word_1_339' title='bbox 780 3770 1020 3841; x_wconf 89' lang='lat' dir='ltr'><strong>amicus,</strong></span> <span class='ocrx_word' id='word_1_340' title='bbox 1049 3768 1302 3845; x_wconf 63' lang='lat' dir='ltr'><strong>quod&#39;ex</strong></span> <span class='ocrx_word' id='word_1_341' title='bbox 1328 3769 1400 3826; x_wconf 66' lang='lat' dir='ltr'><strong>ea</strong></span> <span class='ocrx_word' id='word_1_342' title='bbox 1437 3768 1668 3826; x_wconf 89' lang='lat' dir='ltr'><strong>civitate</strong></span> <span class='ocrx_word' id='word_1_343' title='bbox 1707 3767 2071 3846; x_wconf 85' lang='lat' dir='ltr'><strong>Orgetorigis</strong></span> <span class='ocrx_word' id='word_1_344' title='bbox 2110 3768 2285 3827; x_wconf 90' lang='lat' dir='ltr'><strong>filiam</strong></span> <span class='ocrx_word' id='word_1_345' title='bbox 2314 3770 2373 3828; x_wconf 92' lang='lat' dir='ltr'><strong>in</strong></span> 
     </span>
     <span class='ocr_line' id='line_1_40' title="bbox 318 3860 2374 3938; baseline -0.001 -18"><span class='ocrx_word' id='word_1_346' title='bbox 318 3862 744 3921; x_wconf 88' lang='lat' dir='ltr'><strong>matrimonium</strong></span> <span class='ocrx_word' id='word_1_347' title='bbox 774 3862 1032 3932; x_wconf 84' lang='lat' dir='ltr'><strong>duxerat,</strong></span> <span class='ocrx_word' id='word_1_348' title='bbox 1055 3871 1132 3932; x_wconf 91' lang='lat' dir='ltr'><strong>et,</strong></span> <span class='ocrx_word' id='word_1_349' title='bbox 1154 3860 1473 3936; x_wconf 90' lang='lat' dir='ltr'><strong>cupiditate</strong></span> <span class='ocrx_word' id='word_1_350' title='bbox 1499 3860 1662 3938; x_wconf 81' lang='lat' dir='ltr'><strong>regni</strong></span> <span class='ocrx_word' id='word_1_351' title='bbox 1692 3860 1993 3930; x_wconf 87' lang='lat' dir='ltr'><strong>adductus,</strong></span> <span class='ocrx_word' id='word_1_352' title='bbox 2015 3860 2178 3919; x_wconf 73' lang='lat' dir='ltr'><strong>novis</strong></span> <span class='ocrx_word' id='word_1_353' title='bbox 2204 3862 2374 3919; x_wconf 83' lang='lat' dir='ltr'><strong>rebus</strong></span> 
     </span>
    </p>
   </div>
  </div>
 </body>
</html>
