2747 4376
379 241 507 288 cn.
542 242 621 301 42,
655 244 755 302 432j
1129 239 1341 287 LIBER
1390 239 1669 288 PRIMUS.
2353 243 2429 299 25

376 381 521 440 Dies
572 383 860 458 colloquio
906 383 1096 440 dictus
1137 394 1224 440 est
1270 402 1341 440 ex
1384 401 1455 440 eo
1499 383 1593 440 die
1635 384 1881 456 quintus.
1969 381 2224 452 Interim,
2254 401 2429 456 quum

375 493 528 549 saepe
557 476 706 532 ultro
733 474 994 549 citroque
1020 475 1192 550 legati
1223 476 1369 532 inter
1400 494 1498 531 eos
1537 475 1913 544 mitterentur,
1943 473 2266 530 Ariovistus
2305 493 2424 548 pos·

377 567 599 637 tulavit,
657 574 770 624 ‘ne
813 585 982 641 quem
1029 567 1279 641 peditem
1331 566 1401 622 ad
1450 567 1796 639 colloquium
1846 565 2038 622 Caesar
2086 565 2427 623 adduceret:

375 659 560 715 vereri
588 676 670 730 se,
699 677 772 715 ne
798 677 899 734 per
929 658 1165 714 insidias
1208 659 1279 714 ab
1320 677 1391 715 eo
1432 658 1977 715 circumveniretur:
2023 667 2261 731 uterque
2294 676 2429 714 curn

373 750 636 823 equitatu
663 751 920 807 veniret:
968 749 1078 805 alia
1106 750 1326 807 ratione
1362 768 1425 806 se
1468 768 1584 806 non
1625 768 1749 805 esse
1791 749 2126 805 venturum.'
2212 748 2427 820 Caesar,

374 839 535 914 quod
574 860 762 917 neque
805 841 1156 914 colloquium
1202 842 1536 917 interposita
1580 841 1756 897 causa
1811 841 1932 898 tolli
1970 841 2213 912 volebat,
2241 859 2429 914 neque

374 932 621 990 salutem
650 952 813 990 suam
854 933 1153 990 Gallorum
1200 933 1455 1007 equitatu
1486 933 1841 989 committere
1887 932 2150 1004 audebat,
2180 951 2426 989 commo-

366 1023 677 1081 dissimum
705 1043 830 1082 esse
857 1024 1071 1095 statuit,
1101 1024 1368 1081 omnibus
1396 1024 1558 1098 equis
1585 1024 1768 1081 Gallis
1808 1024 2095 1098 equitibus
2136 1023 2425 1094 deti-actia,

374 1114 446 1172 eo
476 1116 822 1191 legionarios
848 1117 1058 1173 milites
1084 1116 1327 1193 legionis
1354 1117 1614 1187 decimae,
1644 1116 1739 1172 cui
1781 1114 1952 1189 quam
2004 1113 2248 1173 maxime
2294 1135 2426 1172 con·

376 1195 607 1278 fidebat,
657 1209 968 1282 imponere,
1018 1218 1080 1264 ut
1116 1207 1445 1282 praesidium
1488 1206 1662 1282 quam
1718 1208 2145 1278 amicissimum,
2187 1208 2234 1263 si
2290 1209 2426 1282 quid

290 1332 298 1342 .
332 1325 347 1346 ι
373 1318 521 1373 opus
569 1300 723 1356 facto
769 1315 938 1370 esset,
980 1299 1233 1356 haberet.
1313 1298 1497 1359 Quod
1540 1317 1715 1372 quum
1763 1298 1944 1369 fieret,
1973 1318 2089 1356 non
2134 1299 2425 1357 irridicule

374 1390 610 1463 quidam
638 1410 708 1449 ex
744 1391 1020 1448 militibus
1062 1390 1301 1447 decimae
1338 1390 1584 1467 legionis
1619 1390 1781 1461 dixit,
1827 1397 1840 1422 ‘
1863 1391 2011 1466 plus,
2055 1390 2227 1466 quam
2267 1393 2426 1467 polli-

376 1483 527 1540 citus
554 1495 721 1554 esset,
752 1483 1040 1540 Caesarem
1068 1483 1121 1539 ei
1161 1482 1387 1540 facere:
1431 1481 1749 1557 pollicitum
1790 1501 1852 1539 se
1897 1483 1956 1539 in
1999 1483 2250 1541 cohortis
2287 1504 2427 1560 prae·

375 1575 539 1630 toriae
564 1575 696 1631 loco
736 1575 1020 1631 decimam
1061 1574 1347 1650 legionem
1394 1573 1739 1645 habiturum,
1770 1586 1925 1631 nunc
1969 1576 2042 1633 ad
2090 1594 2300 1651 equum
2343 1595 2426 1633 re-

290 1683 304 1694 ·
375 1666 662 1725 scribere.’

455 1758 675 1815 XLIII.
732 1758 1007 1815 Planities
1035 1769 1155 1815 erat
1183 1777 1411 1834 magna,
1441 1768 1498 1814 et
1527 1757 1586 1814 in
1615 1760 1683 1815 ea
1711 1759 1966 1815 tumulus
1995 1771 2254 1816 terrenus
2287 1760 2425 1818 satis

375 1851 623 1926 grandia.
708 1850 827 1906 Hic
854 1850 1017 1907 locus
1045 1870 1209 1925 aequo
1236 1848 1354 1907 fere
1386 1850 1570 1924 spatio
1599 1850 1669 1906 ab
1698 1851 1899 1907 castris
1927 1852 2182 1926 utrisque
2212 1854 2420 1911 aberat.

377 1942 487 2013 Εό,
519 1952 580 1999 ut
606 1952 728 1999 erat
754 1942 993 2013 dictum,
1026 1941 1095 1998 ad
1122 1941 1471 2015 colloquium
1492 1952 1783 1999 venerunt.
1869 1942 2185 2019 Legionem
2208 1944 2422 2016 Caesar,

276 2075 288 2087 .
306 2070 319 2089 ,
376 2053 549 2108 quam
577 2034 738 2108 equis
766 2034 1084 2104 devexerat,
1108 2034 1369 2108 passibus
1398 2034 1662 2107 ducentis
1685 2035 1755 2090 ab
1777 2053 1847 2091 eo
1867 2035 2089 2092 tumulo
2110 2037 2420 2093 constituit.

374 2125 523 2182 Item
552 2126 770 2200 equites
797 2125 1069 2204 Ariovisti
1102 2125 1224 2200 pari
1266 2125 1563 2181 intervallo
1603 2126 1995 2183 constiterunt.
2080 2127 2421 2198 AriovistuS,

286 2210 300 2217 ⁴
375 2236 448 2275 ex
475 2219 638 2292 equis
667 2228 727 2275 ut
754 2218 1228 2292 colloquerentur,
1259 2228 1316 2274 et
1342 2228 1545 2292 praeter
1574 2237 1635 2274 se
1659 2219 1841 2276 denos
1869 2230 1933 2276 ut
1962 2220 2031 2276 ad
2074 2220 2422 2294 colloquium
2491 2267 2504 2276 .

376 2309 747 2381 adducerent,
775 2310 1093 2385 postulavit.
1174 2309 1289 2366 Ubi
1337 2308 1407 2366 eo
1452 2321 1684 2366 ventum
1727 2320 1833 2380 est,
1863 2310 2057 2367 Caesar
2098 2311 2266 2368 initio
2304 2331 2425 2368 ora·

374 2402 549 2459 tionis
577 2421 680 2459 sua
706 2402 1048 2476 senatusque
1092 2402 1151 2458 in
1193 2420 1325 2458 eum
1369 2401 1651 2458 beneficia
1691 2403 2190 2472 commemoravit3
2235 2410 2249 2434 ‘
2270 2403 2424 2476 qudd

374 2511 477 2550 rex
507 2494 816 2569 appellatus
844 2504 993 2550 esset
1036 2513 1068 2549 a
1107 2504 1328 2564 senatu,
1358 2492 1514 2567 quod
1558 2493 1795 2563 amicus,
1826 2492 1979 2567 quod
2027 2514 2266 2553 munera
2313 2514 2425 2551 am-

374 2586 631 2661 plissima
667 2587 871 2643 missa:
915 2596 1085 2659 quam
1130 2604 1251 2641 rem
1279 2595 1336 2642 et
1375 2585 1577 2659 paucis
1619 2586 1946 2661 contigisse,
1977 2596 2034 2643 et
2071 2605 2176 2661 pro
2202 2587 2424 2663 magnis

376 2678 672 2734 hominum
727 2677 929 2733 officiis
984 2676 1296 2734 consuesse
1361 2676 1568 2733 tribui'
1626 2677 1904 2734 docebat:
1975 2678 2189 2750 ‘illum,
2246 2698 2421 2753 quum

374 2787 563 2844 neque
591 2769 806 2826 aditum
847 2787 1035 2843 neque
1074 2788 1307 2825 causam
1350 2769 1674 2843 postulandi
1718 2769 1926 2845 justam
1970 2770 2223 2841 haberet,
2255 2772 2424 2828 bene-

298 2921 303 2928 ,
374 2862 510 2917 ficio
558 2880 626 2917 ac
678 2860 1018 2937 liberalitate
1071 2861 1175 2917 sua
1232 2879 1299 2917 ac
1342 2862 1573 2918 senatus
1613 2880 1682 2918 ea
1726 2862 1961 2935 praen‘iia
2009 2865 2419 2921 consecutum!

372 2952 637 3010 Docebat
664 2953 854 3023 etiam,
885 2959 901 2984 ‘
922 2952 1094 3027 quam
1121 2962 1341 3009 veteres
1369 2950 1655 3026 quamque
1689 2952 1855 3028 justae
1897 2973 2084 3011 causae
2114 2956 2422 3013 necessitu-

371 3045 526 3101 dinis
574 3045 727 3119 ipsis
758 3063 892 3100 cum
936 3043 1145 3100 AEduis
1195 3044 1648 3114 intercederent3
1693 3064 1818 3119 quae
1862 3046 2092 3103 senatus
2140 3048 2420 3119 consulta,

371 3137 618 3210 quotieS,
644 3135 930 3210 quamque
959 3135 1274 3192 honorifica
1300 3135 1359 3192 in
1390 3154 1488 3193 eos
1525 3136 1675 3192 facta
1713 3148 1940 3195 essent:
1985 3148 2046 3195 ut
2086 3139 2242 3196 omni
2283 3150 2421 3198 tem-

369 3247 510 3304 pore
556 3218 731 3285 totius
772 3227 973 3283 Galliae
1019 3227 1403 3302 principatum
1448 3228 1625 3285 AEdui
1663 3230 1999 3300 tenuissent,
2043 3228 2201 3304 prius
2249 3232 2420 3289 etiam

285 3385 289 3390 ,
371 3320 544 3396 quam
573 3331 824 3377 nostram
855 3319 1163 3375 amicitiam
1195 3319 1571 3394 appetissent:
1613 3321 1807 3395 populi
1836 3321 2089 3378 Romani
2118 3323 2268 3397 hanc
2297 3342 2422 3381 esse

370 3412 868 3481 consuetudinem,
901 3422 962 3468 ut
988 3410 1176 3468 socios
1206 3421 1373 3484 atque
1405 3412 1619 3467 amicos
1646 3431 1761 3468 non
1805 3411 1975 3470 modo
2021 3414 2108 3470 sui
2152 3415 2290 3471 nihil
2326 3416 2421 3471 de-

368 3505 625 3580 perdere,
657 3503 756 3560 sed
786 3504 989 3579 gratia.
1020 3503 1316 3578 dignitate,
1346 3502 1563 3560 honore
1593 3505 1874 3561 auctiores
1901 3506 2036 3562 velit
2063 3525 2187 3563 esse
2212 3527 2224 3563 :
2268 3506 2418 3580 quod

272 3653 323 3673 Η
369 3594 502 3654 vero
535 3596 604 3651 ad
637 3595 946 3651 amicitiam
988 3595 1181 3669 populi
1222 3594 1476 3650 Romani
1523 3595 1860 3667 attulissent,
1893 3597 1949 3652 id
1998 3597 2067 3653 iis
2109 3598 2252 3672 eripi
2293 3599 2418 3670 quis

368 3689 485 3763 pati
526 3687 796 3763 posset‘l'
880 3685 1194 3742 Postulavit
1239 3686 1449 3742 deinde
1494 3687 1713 3757 eadem,
1743 3707 1869 3762 quae
1916 3689 2118 3763 legatis
2163 3690 2219 3745 in
2265 3707 2419 3745 man-

371 3779 516 3836 datis
544 3779 779 3837 dederat
802 3800 815 3849 ;
860 3785 874 3811 ‘
899 3797 973 3835 ne
1003 3788 1100 3835 aut
1128 3777 1335 3834 AEduis
1365 3789 1465 3835 aut
1492 3797 1687 3842 eorum
1717 3781 1889 3836 sociis
1910 3780 2122 3836 bellum
2152 3780 2415 3850 inferret3

1000 3869 1039 3925 3
