2747 4376
271 354 283 364 .
381 281 459 338 72
634 278 642 299 2
1036 281 1130 328 1)ss
1160 264 1409 329 'annno
1457 284 1777 332 cAnnroo
2108 287 2265 351 [cu.
2303 287 2486 345 1—a„

382 431 497 479 tem
522 423 833 496 provinciae
862 424 1290 483 incursionibus
1317 426 1524 483 vastari
1554 426 1838 484 audiebat.
1923 426 2011 485 Εό
2040 446 2219 502 quum
2262 429 2445 486 venis·-

380 524 485 583 set,
516 514 843 572 civitatibus
883 516 1094 573 milites
1131 517 1392 601 imperat,
1421 529 1759 592 certumque
1801 519 1859 575 in
1900 518 2088 576 locum
2133 520 2444 577 convenire
2529 586 2534 589 ,

396 604 574 680 jubet.
653 605 796 667 Qua
824 625 886 663 re
915 607 1212 678 nunciata,
1240 602 1484 665 Pirustae
1512 609 1731 685 legatos
1769 610 1841 667 ad
1882 629 2014 667 eum
2056 610 2312 681 mittunt,
2341 610 2443 685 qui

381 695 627 754 doceant
668 704 684 730 ‘
707 698 851 755 nihil
893 717 1091 756 earum
1135 717 1327 756 rerum
1368 701 1607 775 publico
1644 700 1863 758 factum
1904 701 2170 773 consili0,
2199 720 2442 776 seseque

378 798 606 862 paratos
633 791 788 846 esse'
821 789 1213 848 demonstrant
1240 797 1255 823 ‘
1280 791 1551 848 omnibus
1591 792 1909 863 rationibus
1950 792 2023 850 de
2065 793 2293 868 injuriis
2331 804 2442 850 sat·
2486 803 2524 853 >S

380 877 657 938 issacere.'
742 881 1006 956 Accepta
1054 882 1314 940 oratione
1366 901 1588 954 eorum,
1643 882 1839 941 Caesar
1892 884 2122 941 obsides
2178 884 2441 960 imperat,

379 987 592 1044 eosque
640 971 712 1028 ad
755 984 971 1030 certam
1019 973 1174 1030 diem
1222 974 1435 1032 adduci
1475 974 1675 1050 jubet:
1717 975 1830 1033 nisi
1881 976 1961 1033 ita
2001 976 2267 1046 fecerint,
2314 994 2442 1034 sese

379 1059 532 1119 bello
573 1062 863 1120 civitatem
910 1075 1348 1139 persecuturum
1397 1066 1765 1124 demonstrat.
1851 1065 1964 1124 His
2006 1066 2080 1124 ad
2134 1066 2290 1126 diem
2345 1065 2444 1124 ad-

378 1152 588 1225 ductis,
638 1164 701 1211 ut
745 1154 1141 1230 imperaverat,
1186 1156 1429 1237 arbitros
1471 1156 1620 1215 inter
1668 1157 1929 1216 civitates
1974 1158 2092 1230 dat,
2130 1157 2233 1233 qui
2278 1157 2439 1223 litem

378 1245 679 1318 aestiment,
719 1265 1063 1322 poenamque
1102 1248 1471 1307 constituant.

456 1336 534 1395 ΙΙ.
592 1338 703 1396 His
731 1338 1012 1397 confectis
1052 1339 1243 1411 rebuS,
1274 1340 1767 1415 conventibusque
1805 1339 2074 1416 peractis,
2105 1340 2166 1398 in
2209 1339 2435 1397 citerio-

378 1447 499 1486 rem
530 1430 778 1487 Galliam
821 1431 1142 1502 revertitur,
1174 1442 1343 1506 atque
1385 1431 1520 1489 inde
1564 1432 1635 1489 ad
1676 1432 1994 1489 exercitum
2033 1430 2433 1506 proficiscitur.

378 1519 468 1578 Εό
497 1540 674 1595 quum
702 1522 968 1593 venisset,
997 1522 1257 1579 circuitis
1283 1522 1552 1580 omnibus
1579 1521 1855 1593 hibernis,
1883 1522 2160 1598 singulari
2190 1521 2435 1579 militum

378 1611 588 1682 studi0,
616 1612 677 1669 in
705 1613 928 1669 summa
951 1614 1210 1670 omnium
1237 1632 1430 1671 rerum
1469 1613 1683 1689 inopia,
1713 1613 1945 1670 circiter
1985 1600 2095 1670 DC
2137 1613 2262 1689 ejus
2302 1631 2437 1690 gen·

376 1702 511 1797 eris,
561 1703 724 1778 cujus
778 1703 951 1778 supra
1003 1704 1535 1777 demonstravimus,
1579 1723 1755 1763 naves
1807 1716 1865 1763 et
1913 1705 2116 1782 longas
2161 1703 2435 1762 XXVIII

378 1793 597 1851 invenit
644 1794 972 1865 instructaS,
1016 1814 1205 1870 neque
1246 1797 1488 1854 multum
1534 1797 1732 1854 abesse
1788 1798 1859 1853 ab
1906 1816 1996 1867 eo,
2054 1797 2194 1872 quin
2233 1796 2436 1872 paucis

324 1880 331 1951 ξ
379 1885 582 1942 diebus
626 1885 837 1942 deduci
883 1897 1132 1960 possent,
1216 1887 1574 1945 Collaudatis
1627 1888 1924 1960 militibus,
1975 1896 2144 1963 atque
2191 1888 2282 1959 iis,
2336 1888 2433 1963 qui

379 1978 612 2053 negotio
657 1977 1023 2052 praefuerant,
1066 1978 1203 2052 quid
1251 1978 1375 2036 fieri
1418 1979 1572 2050 velit,
1615 1980 1883 2051 ostendit,
1914 1990 2083 2054 atque
2124 1997 2323 2036 omnes
2365 1978 2434 2035 ad

379 2079 604 2144 portum
632 2068 807 2125 Itium
837 2070 1145 2127 convenire
1167 2069 1347 2145 jubet,
1378 2089 1493 2145 quo
1520 2088 1590 2127 ex
1614 2081 1783 2146 portu
1820 2070 2344 2127 commodissimum
2374 2069 2436 2127 in

381 2159 739 2218 Britanniam
769 2147 1164 2221 transmissum
1195 2179 1320 2219 esse
1361 2172 1728 2239 cognoverat,
1757 2161 1989 2220 circiter
2029 2161 2271 2219 millium
2311 2180 2438 2237 pas-

381 2271 549 2316 suum
576 2252 761 2310 XXX
792 2272 826 2310 a
853 2253 1188 2311 continenti.
1273 2252 1433 2310 Huic
1461 2253 1545 2311 rei
1587 2254 1740 2327 quod
1781 2252 1919 2312 satis
1959 2272 2084 2311 esse
2125 2254 2308 2311 visum
2350 2262 2438 2310 est

381 2344 647 2414 militum,
676 2344 943 2422 reliquit:
988 2345 1110 2420 ipse
1151 2363 1286 2401 cum
1325 2344 1653 2420 legionibus
1692 2345 1973 2420 expeditis
2013 2344 2119 2415 IV,
2149 2354 2207 2401 et
2234 2344 2461 2418 equiti--

381 2434 489 2491 bus
516 2435 734 2493 DCCC
764 2436 824 2492 ih
852 2436 994 2492 fines
1021 2435 1397 2493 Trevirorum
1423 2435 1823 2510 proficiscitur,
1854 2434 2008 2510 quod
2050 2435 2108 2492 hi
2146 2453 2335 2510 neque
2364 2434 2435 2491 ad

383 2526 632 2583 concilia
696 2527 1021 2597 veniebant,
1077 2545 1264 2602 neque
1332 2526 1575 2601 imperio
1638 2527 1935 2601 parebant,
2003 2526 2436 2601 Germanosque

381 2615 858 2674 Transrhenanos
900 2618 1208 2675 sollicitare
1249 2617 1603 2675 dicebantur.
2045 2631 2052 2638 “

461 2706 569 2765 ΙΙΙ.
627 2708 774 2765 Haec
804 2709 1003 2766 civitas
1030 2708 1201 2784 longe
1230 2708 1540 2784 plurimum
1570 2708 1744 2766 totius
1764 2708 1967 2766 Galliae
1989 2707 2245 2782 equitatu
2266 2708 2436 2780 valet,

382 2817 732 2875 magnasque
771 2800 944 2857 babet
990 2799 1186 2875 copias
1219 2801 1498 2875 peditum,
1528 2801 1937 2874 Rhenumque,
1958 2810 2032 2857 *ut
2067 2798 2239 2874 supra
2280 2799 2440 2856 dem·

381 2892 779 2960 onstravimus,
822 2890 1034 2967 tangit.
1117 2890 1185 2947 In
1231 2892 1301 2948 ea
1358 2891 1592 2949 civitate
1648 2892 1767 2948 duo
1808 2891 1880 2948 de
1919 2890 2241 2966 principatu
2287 2890 2437 2948 inter

381 2982 914 3052 secontendebant,
943 2980 1369 3039 Indutiomarus
1397 2994 1453 3040 et
1494 2983 1869 3059 Cingetorix:
1912 3002 1983 3039 ex
2024 2981 2231 3056 quibus
2274 2982 2434 3053 alter,

382 3076 550 3133 simul
582 3086 749 3149 atque
778 3075 850 3133 de
878 3075 1124 3132 Caesaris
1151 3076 1559 3152 legionumque
1602 3076 1847 3133 adventu
1890 3076 2185 3152 cognitum
2227 3085 2332 3145 est,
2365 3074 2432 3132 ad

382 3186 516 3225 eum
543 3166 730 3235 venit3
774 3185 835 3223 se
863 3186 1110 3240 suosque
1138 3186 1337 3223 omncs
1365 3166 1424 3223 in
1466 3168 1658 3225 officio
1701 3168 1938 3238 futurOS,
1969 3185 2157 3240 neque
2200 3167 2270 3223 ab
2300 3166 2435 3223 ami-

378 3258 522 3315 citia
550 3258 754 3333 Populi
785 3258 1039 3316 Romani
1067 3258 1393 3315 defecturos
1422 3258 1797 3328 confirmavit,
1820 3276 2061 3332 quaeque
2090 3258 2149 3314 in
2177 3256 2437 3314 Treviris

383 3361 735 3426 gererentur,
758 3349 1020 3407 ostendit.
1105 3349 1186 3406 At
1213 3349 1640 3407 Indutiomarus
1667 3350 1983 3424 equitatum
2005 3348 2436 3423 peditatumque

383 3459 610 3517 cogere,
642 3440 843 3514 iisque,
873 3441 970 3515 qui
1011 3460 1112 3516 per
1156 3451 1381 3498 aetatem
1426 3440 1485 3498 in
1530 3441 1699 3502 armis
1739 3458 1864 3497 esse
1907 3458 2023 3496 non
2062 3448 2344 3514 poterant,
2377 3439 2435 3495 in

382 3532 580 3590 silvam
610 3531 983 3589 Arduennam
1015 3532 1239 3602 abditis,
1263 3552 1388 3606 quae
1418 3532 1637 3607 ingenti
1666 3530 2061 3606 magnitudine
2089 3549 2189 3606 per
2218 3529 2436 3587 medios

382 3623 525 3681 fines
553 3622 924 3679 Trevirorum
957 3643 989 3679 a
1018 3623 1252 3680 flumine
1294 3623 1509 3680 Rheno
1554 3623 1623 3679 ad
1668 3622 1895 3679 initium
1941 3621 2264 3678 Remorum
2311 3638 2437 3695 per-

384 3715 546 3785 tinet,
574 3714 787 3771 bellum
812 3732 1012 3789 parare
1041 3713 1284 3771 instituit
1387 3714 1504 3770 Sed
1531 3725 1728 3788 postea
1768 3711 1942 3787 quam
1981 3711 2243 3769 nonnulli
2283 3712 2437 3785 prin-

383 3807 543 3881 cipes
590 3824 661 3863 ex
699 3805 767 3862 ea
814 3806 1065 3875 civitate,
1114 3816 1171 3862 et
1215 3805 1597 3861 familiaritate
1645 3804 2035 3879 Cingetorigis
2084 3801 2337 3870 adducti,
2380 3812 2438 3857 et

385 3897 628 3954 adventu
658 3896 837 3953 nostri
867 3896 1150 3953 exercitiis
1176 3894 1482 3970 perterriti,
1514 3894 1583 3949 ad
1613 3894 1901 3950 Caesarem
1941 3902 2239 3964 venerunt,
2270 3904 2328 3949 et
2364 3890 2436 3949 de
