2747 4376
364 280 443 337 ω
1017 279 1114 328 DE
1159 279 1393 329 BELLO
1441 279 1761 328 GALLICO
2032 281 2188 343 [Can.
2226 282 2433 329 10-12.

364 417 423 477 N
430 420 768 485 antuatium.
850 420 1267 495 Helvetiorum,
1336 423 1759 499 Sequanorum,
1828 421 2429 494 Mediomatricorum,

364 509 774 583 'l'ribucorum,
802 511 1176 571 Trevirorum
1206 515 1416 572 citatus
1444 515 1657 584 fertur;
1700 525 1779 585 et,
1806 514 1906 571 ubi
1941 512 2186 571 Oceano
2229 514 2443 590 appro-'

361 604 620 680 pinquat,
664 604 723 660 in
763 604 957 680 plures
998 605 1204 663 diffluit
1242 618 1454 682 parteS‚
1499 606 1694 664 multis
1733 606 2180 682 ingentibusque
2222 607 2429 664 insulis

363 695 603 766 effectis,
633 715 874 771 quarum
901 696 1040 772 pars
1074 716 1285 774 magna
1312 717 1348 755 a
1373 698 1509 755 feris
1550 699 1924 772 barbarisque
1967 698 2298 755 nationibus
2340 699 2430 756 in·

364 787 592 857 colitur,
621 806 693 845 ex
732 788 942 863 quibus
980 801 1135 860 sunt,
1164 789 1262 863 qui
1309 790 1569 865 piscibus
1615 800 1786 865 atque
1831 790 1953 847 ovis
2001 790 2190 847 avium
2232 790 2437 849 vivere

361 878 779 946 existimantur,
810 880 1119 955 multisque
1146 880 1433 957 capitibus
1460 882 1522 939 in
1547 881 1852 941 Oceanum
1883 881 2087 939 influit.

440 969 551 1033 XI.
608 970 804 1028 Caesar
832 990 1009 1046 quum
1040 972 1113 1029 ab
1153 972 1317 1030 hoste
1358 991 1478 1030 non
1520 972 1766 1049 amplius
1803 992 2077 1048 passuum
2103 972 2229 1030 XII
2255 973 2430 1032 milli-

360 1061 472 1118 bus
516 1061 759 1133 abesset,
803 1073 868 1121 ut
911 1072 1033 1120 erat
1082 1048 1477 1135 constitutum,
1508 1064 1580 1121 ad
1626 1083 1762 1122 eum
1806 1064 1982 1141 legati
2022 1074 2424 1123 revertuntur:

362 1152 481 1227 qui,
505 1152 565 1210 in
593 1153 799 1210 itinere
820 1154 1134 1230 congressi,
1156 1173 1523 1232 magnopere,
1547 1162 1562 1188 ‘
1582 1174 1658 1213 ne
1684 1154 1915 1233 longius
1939 1156 2420 1233 progrederetur,’

360 1245 619 1302 orabant.
699 1244 908 1306 Quum
954 1245 1014 1302 id
1055 1263 1172 1302 non
1220 1246 1643 1321 impetrassent,
1696 1244 1989 1323 petebant,
2037 1255 2053 1281 ‘
2077 1245 2162 1304 uti
2208 1247 2281 1304 ad
2321 1266 2426 1306 eos

277 1352 288 1361 ·
360 1336 604 1411 equites,
645 1336 745 1411 qui
786 1355 993 1414 agmen
1039 1338 1500 1409 antecessissent,
1539 1339 1930 1416 praemitteret,
1971 1357 2185 1414 eosque
2222 1340 2425 1416 pugni

359 1429 690 1504 prohiberet
705 1448 722 1499 3
784 1429 1010 1504 sibique
1057 1428 1140 1488 uti
1192 1440 1534 1505 potestatem
1588 1430 1805 1488 faceret
1858 1430 1920 1487 in
1966 1430 2149 1489 Ubios
2199 1430 2426 1508 legatos

362 1519 665 1578 mittendi:
727 1539 972 1596 quorum
1024 1520 1073 1578 si
1125 1521 1418 1598 principes
1473 1539 1542 1578 ac
1597 1532 1832 1579 senatus
1886 1521 1999 1579 sibi
2046 1522 2427 1598 jurejurando

360 1610 534 1669 fidem
562 1611 852 1683 fecissent,
880 1613 950 1669 ea
978 1612 1329 1683 conditione,
1359 1632 1486 1688 quae
1518 1631 1552 1669 a
1575 1611 1808 1670 Caesare
1836 1613 2096 1683 serretur,
2125 1632 2189 1671 se
2215 1632 2427 1673 usuros

359 1703 773 1760 ostendebant:
819 1703 890 1760 ad
919 1703 1022 1760 has
1047 1722 1140 1760 res
1166 1703 1558 1761 conficiendas
1585 1704 1696 1761 sibi
1724 1704 1899 1761 tridui
1928 1705 2175 1781 spatium
2216 1705 2419 1765 daret.’

323 1788 326 1791 ’
360 1792 509 1851 Haec
536 1795 731 1851 omnia
757 1794 953 1852 Caesar
981 1792 1187 1852 eodem
1230 1794 1328 1852 illo
1367 1796 1658 1871 pertinere
1702 1796 2101 1868 arbitrabatur,
2129 1808 2213 1868 ut,
2244 1797 2422 1856 tridui

359 1887 520 1943 mora
564 1886 921 1962 interposita,
965 1887 1188 1962 equites
1231 1906 1452 1959 eorum,
1501 1888 1600 1964 qui
1650 1888 1931 1960 abessent,
1961 1901 2419 1951 reverterentur:

358 1987 552 2035 tamen
580 1985 595 2011 ‘
616 1997 742 2036 sese
767 1997 885 2035 non
925 1976 1157 2056 longius
1196 1979 1452 2037 millibus
1489 1999 1763 2056 passuum
1805 1992 2048 2055 quatuor
2096 1983 2424 2057 aquationis

359 2070 534 2127 causa
573 2060 978 2146 processurum
1017 2089 1090 2128 eo
1136 2069 1261 2128 die'
1293 2064 1473 2130 dixit:
1518 2072 1633 2129 huc
1674 2083 1906 2148 postero
1951 2072 2046 2130 die
2093 2072 2267 2147 quam
2311 2074 2423 2132 fre-

358 2162 717 2238 quentissimi
760 2161 1155 2234 convenirent,
1202 2172 1268 2222 ut
1314 2163 1389 2222 de
1431 2181 1630 2222 eorum
1676 2164 1978 2241 postulatis
2019 2177 2415 2242 cognosceret.

356 2253 597 2313 Interim
648 2255 716 2312 ad
763 2256 1086 2332 praefectos,
1136 2253 1233 2330 qui
1278 2274 1415 2313 cum
1463 2256 1621 2313 omni
1664 2257 1937 2331 equitatu·
1968 2267 2416 2330 antecesserant,

358 2347 551 2420 mittit,
582 2347 681 2423 qui
708 2347 1072 2417 nunciarent,
1100 2365 1175 2404 ne
1214 2346 1408 2405 hostes
1447 2347 1651 2424 proelio
1671 2348 2068 2406 =lacesserentz
2110 2360 2188 2422 et,
2218 2350 2268 2407 si
2305 2350 2417 2426 ipsi

313 2462 319 2474 ·
357 2438 793 2511 lacesserentur,
836 2438 1204 2510 sustinerent,
1260 2440 1449 2514 quoad
1488 2440 1625 2516 ‚ipse
1679 2458 1814 2497 cum
1867 2441 2124 2498 exercitu
2177 2441 2417 2518 propius

359 2532 710 2589 accessisset.
2044 2593 2047 2598 .

436 2622 576 2680 XII.
632 2624 716 2680 At
755 2624 947 2681 hostes
994 2625 1095 2681 ubi
1134 2622 1386 2699 primum
1431 2634 1656 2680 nostros
1702 2622 1925 2697 equites
1970 2637 2413 2699 conspexerunt,

356 2733 598 2789 quorum
629 2726 751 2772 erat
778 2716 1032 2790 quinque
1059 2713 1303 2772 millium
1329 2732 1624 2784 numerus,
1653 2733 1830 2787 quum
1861 2712 1969 2789 ipsi
2010 2733 2125 2771 non
2168 2715 2415 2793 amplius
2450 2749 2461 2757 ν

355 2804 573 2862 DCCC
604 2806 825 2879 equites
853 2806 1148 2878 haberent,
1178 2803 1333 2880 quod
1362 2805 1425 2876 ii,
1455 2805 1553 2880 qui
1582 2804 1969 2863 frumentandi
2009 2807 2186 2863 causa
2216 2795 2415 2881 ‚ierant

354 2907 512 2954 trans
540 2894 787 2968 Mosam,
815 2898 1071 2955 nondum
1098 2897 1407 2967 redierant,
1436 2896 1579 2953 nihil
1620 2895 1958 2954 timentibus
1998 2898 2225 2969 nostris,
2255 2899 2412 2974 quod

353 2987 528 3065 legati
556 3007 755 3046 eorum
794 2987 968 3064 paulo
1012 2987 1143 3045 ante
1194 3007 1228 3045 a
1273 2988 1506 3045 Caesare
1546 2987 1948 3060 discesserant,
1979 3000 2149 3063 atque
2192 2990 2241 3047 is
2287 2991 2413 3049 dies

281 3080 606 3138 *induciis
633 3091 756 3137 erat
786 3081 857 3137 ab
883 3079 967 3137 eis
991 3079 1225 3155 petitus,
1255 3079 1473 3155 impetu
1517 3079 1690 3151 facto,
1717 3080 1980 3138 celeriter
2022 3093 2249 3139 nostros
2285 3101 2412 3158 per-

355 3172 742 3229 turbaverunt.
825 3170 1056 3229 Rursus
1108 3171 1506 3229 resistentibus
1547 3171 1776 3243 nostris,
1832 3174 2251 3232 consuetudine
2305 3176 2409 3234 sua

357 3263 428 3321 ad
454 3263 630 3340 pedes
656 3264 1030 3334 desiluerunt,
1059 3263 1429 3337 su‘ffossisque
1457 3262 1640 3338 equis,
1670 3264 2173 3341 compluribusque
2201 3268 2412 3327 nostris

356 3355 614 3432 dejectiS,
663 3355 914 3430 reliquos
961 3355 1020 3412 in
1068 3356 1262 3431 fugam
1310 3355 1704 3431 conjecerunt,
1750 3366 1919 3431 atque
1960 3356 2039 3414 ita
2079 3360 2411 3433 perterritos

356 3457 616 3526 egerunt,
645 3457 710 3505 ut
751 3467 868 3505 non
915 3446 1077 3523 prius
1124 3447 1261 3524 fuga
1309 3447 1671 3518 desisterent,
1705 3446 1878 3522 quam
1928 3449 1987 3506 in
2036 3462 2410 3526 conspectum

358 3539 603 3618 agminis
648 3539 827 3597 nostri
875 3540 1179 3597 venissent.
1260 3538 1331 3596 In
1380 3557 1451 3596 eo
1494 3540 1699 3615 proelio
1745 3558 1816 3597 ex
1868 3541 2156 3615 equitibus
2200 3542 2410 3601 nostris

359 3629 777 3689 interficiuntur
825 3643 1067 3706 quatuor
1114 3640 1173 3688 et
1214 3630 1611 3707 septuaginta3
1677 3631 1737 3689 in
1785 3631 1874 3688 his
1919 3631 2003 3688 vir
2049 3633 2410 3705 fortissimuS,

356 3724 511 3795 Piso,
545 3723 888 3798 AquitanuS,
914 3722 1261 3798 amplissimo
1281 3740 1494 3798 genere
1523 3733 1709 3792 natus,
1732 3722 1896 3797 cujus
1925 3743 2062 3780 avus
2089 3724 2148 3781 in
2179 3725 2410 3783 civitate

357 3815 463 3873 sud
506 3834 745 3892 regnum
791 3815 1133 3884 obtinuerat,
1192 3813 1412 3870 amicus
1461 3814 1534 3870 ab
1581 3826 1782 3890 senatu
1834 3825 2030 3873 nostro
2077 3816 2408 3891 appellatus.

358 3904 478 3963 Hic
506 3926 682 3981 quum
712 3906 870 3963 fratri
901 3903 1211 3963 intercluso
1231 3904 1310 3978 ab
1338 3904 1598 3962 hostibus
1628 3904 1902 3962 auxilium
1930 3906 2119 3978 ferret,
2150 3907 2313 3965 illum
2339 3927 2411 3966 ex
