2747 4376
379 221 457 278 36
1039 219 1128 266 ΒΕ
1176 218 1407 266 BELLO
1456 220 1775 267 GALLlCO
2048 223 2186 285 [Off
2246 222 2447 269 12—15

380 375 642 432 conatus,
673 360 827 436 quod
869 380 1113 418 vacuum
1159 362 1230 418 ab
1278 362 1677 419 defensoribus
1720 381 1846 420 esse
1898 363 2185 433 audiebat,
2218 376 2464 439 propter

379 454 740 511 latitudinem
785 454 949 510 fossae
1001 453 1264 527 murique
1309 454 1691 524 altitudinem,
1731 455 1933 530 paucis
1979 454 2461 525 defendentibuS,

379 564 708 622 expugnare
735 565 849 603 non
892 545 1094 621 potuit.
1179 545 1400 602 Castris
1448 546 1706 617 munitiS,
1737 547 1931 603 vineas
1981 565 2170 623 agere,
2203 565 2463 621 quaeque

381 638 451 694 ad
480 638 927 714 oppugnandum
958 637 1088 694 usui
1116 648 1298 708 erant,
1328 656 1664 712 comparare
1699 638 1889 713 coepit.
1974 638 2212 696 Interim
2255 626 2460 696 omnis

379 747 449 786 ex
481 730 614 806 fuga
646 730 1024 786 Suessionum
1053 729 1360 786 multitudo
1389 729 1448 786 in
1477 729 1750 805 oppidum
1793 730 2051 805 proxima
2095 714 2268 788 nocte
2309 750 2459 787 con-

379 821 548 878 venit.
633 821 913 879 Celeriter
956 822 1138 878 vineis
1181 820 1250 878 ad
1292 821 1566 896 oppidum
1610 821 1773 892 actia,
1818 840 2025 898 aggere
2060 821 2238 897 jacto,
2276 822 2457 879 turri·
2531 811 2552 817 ⁶

380 913 598 986 busque
642 913 988 985 constitutis,
1031 913 1431 989 magnitudine
1473 932 1732 988 operum,
1774 932 1900 988 quae
1948 932 2139 987 neque
2183 914 2454 971 viderant

379 1002 511 1061 ante
540 1004 714 1076 Galli,
743 1023 931 1079 neque
961 1004 1277 1075 audierant,
1307 1016 1365 1062 et
1394 1005 1689 1062 celeritate
1729 1004 2131 1061 Romanorum
2173 1006 2447 1080 permoti,
2493 1014 2516 1027 '

377 1095 595 1173 legatos
624 1097 695 1153 ad
723 1096 1014 1155 Caesarem
1035 1096 1109 1154 de
1128 1095 1422 1153 deditione
1450 1096 1683 1154 mittunt
1699 1116 1714 1167 ;
1759 1106 1835 1167 et,
1856 1097 2186 1172 petentibus
2214 1096 2444 1169 Remis,

376 1199 440 1245 ut
469 1199 962 1260 conservarentur,
992 1189 1314 1263 impetrant.

455 1280 624 1338 XIII.
649 1268 657 1277 ⁶
684 1280 900 1352 Caesar,
929 1280 1225 1338 obsidibus
1254 1279 1528 1355 acceptis,
1556 1279 1756 1355 primis
1785 1278 2033 1337 civitatis
2063 1291 2232 1354 atque
2264 1280 2444 1357 ipsius

373 1372 575 1430 Galbae
604 1374 755 1450 regis
783 1373 1009 1430 duobus
1035 1371 1187 1443 filiis,
1220 1372 1507 1446 armisque
1534 1371 1803 1429 omnibus
1831 1390 1902 1429 ex
1942 1371 2155 1447 oppido
2192 1372 2442 1445 traditiS,

377 1465 436 1521 in
464 1465 816 1543 deditionem
860 1465 1202 1521 Suessiones
1246 1463 1491 1539 accepit,
1520 1463 1954 1537 exercitumque
1996 1464 2055 1520 in
2103 1464 2445 1523 Bellovacos

375 1549 554 1614 ducit.
634 1557 763 1618 Qui
793 1575 968 1630 quum
1000 1574 1062 1613 se
1089 1573 1306 1629 suaque
1334 1555 1531 1611 omnia
1560 1555 1619 1611 in
1649 1554 1924 1629 oppidum
1967 1555 2441 1631 Bratuspantium

376 1649 772 1718 contulissent,
805 1658 975 1721 atque
1013 1648 1083 1703 ab
1124 1665 1196 1704 eo
1237 1646 1450 1722 oppido
1493 1646 1689 1703 Caesar
1730 1665 1862 1703 cum
1907 1647 2164 1703 exercitu
2206 1648 2443 1705 circiter
2503 1658 2506 1661 '

376 1739 556 1796 millia
581 1759 850 1815 passuum
883 1739 1138 1813 quinque
1169 1739 1412 1809 abesset,
1441 1757 1642 1795 omnes
1670 1740 1913 1813 majores
1941 1750 2101 1810 natu,
2131 1757 2202 1796 ex
2229 1740 2445 1815 oppido

375 1832 611 1908 egressi,
641 1851 846 1888 manus
876 1831 945 1887 ad
975 1831 1262 1888 Caesarem
1291 1822 1528 1888 tendere
1550 1841 1608 1887 et
1629 1849 1771 1887 voce
1793 1830 2121 1907 significare
2142 1842 2445 1906 coeperunt

375 1941 502 1981 sese
531 1923 591 1980 in
618 1924 740 1999 ejus
769 1922 937 1980 fidem
971 1942 1039 1979 ac
1067 1933 1407 1998 potestatem
1444 1923 1661 1992 venire,
1691 1940 1880 1996 neque
1922 1933 2125 1979 contra
2163 1922 2442 1998 populum

376 2013 708 2071 Romanum
741 2015 913 2072 armis
946 2016 1311 2072 contendere.
1396 2014 1565 2085 Item,
1595 2033 1769 2089 quum
1816 2013 1886 2070 ad
1929 2014 2203 2090 oppidum
2248 2020 2444 2072 acces-

375 2106 559 2177 sisset,
589 2118 889 2181 castraque
919 2106 998 2163 ibi
1026 2117 1282 2182 poneret,
1310 2105 1476 2181 pueri
1512 2105 1897 2180 mulieresque
1938 2124 2010 2162 ex
2050 2125 2217 2163 muro
2258 2106 2442 2182 passis

376 2200 639 2256 manibus
668 2219 773 2256 suo
801 2218 960 2257 more
983 2218 1187 2274 pacem
1218 2200 1289 2255 ab
1319 2198 1606 2256 Romanis
1632 2199 1938 2274 petierunt.

452 2292 618 2376 XIV.
676 2291 790 2348 Pro
837 2291 926 2348 his
981 2291 1306 2348 Divitiacus
1352 2290 1511 2366 (nam
1561 2301 1688 2366 post
1737 2290 2052 2347 discessum
2105 2289 2438 2366 Belgarum,

373 2383 624 2440 dimissis
651 2383 979 2440 AEduorum
1006 2383 1209 2459 copiis,
1240 2383 1309 2438 ad
1339 2402 1470 2440 eum
1503 2385 1836 2460 reverterat)
1864 2381 2001 2437 facit
2022 2381 2227 2437 verba:
2272 2389 2286 2413 ‘
2309 2381 2442 2439 Bel-

372 2476 602 2532 lovacos
642 2475 798 2532 omni
842 2485 1099 2551 tempore
1140 2475 1199 2531 in
1244 2475 1356 2532 fide
1408 2486 1577 2548 atque
1624 2474 1881 2530 amicitia
1932 2473 2179 2530 civitatis
2229 2472 2438 2530 AEduae

375 2566 582 2625 fuisse:
643 2567 915 2642 impulsos
971 2587 1004 2624 a
1050 2567 1170 2624 suis
1221 2567 1599 2641 principibus,
1617 2543 1749 2639 (qui
1800 2564 2060 2621 dicerent
2110 2564 2353 2635 AEduoS‚
2406 2584 2439 2622 a

374 2656 603 2715 Caesare
633 2659 692 2715 in
722 2659 1057 2716 servitutem
1079 2659 1363 2727 redactos,
1394 2676 1595 2714 omnes
1632 2655 2004 2731 indignitates
2033 2657 2439 2714 contumelias-

373 2768 485 2822 que
513 2749 871 2849 perferre,f2t
901 2751 970 2807 ab
999 2749 1208 2806 AEduis
1236 2748 1538 2817 defecisse,
1568 2759 1624 2804 et
1653 2747 1865 2821 populo
1908 2747 2178 2803 Romano
2221 2749 2435 2805 bellum

374 2841 650 2902 intulisse.
733 2841 859 2904 Qui
902 2841 1070 2917 hujus
1098 2839 1325 2897 consilii
1361 2840 1652 2915 principes
1683 2838 1942 2905 fuissent,
1973 2836 2128 2911 qnod
2158 2838 2439 2915 intellige-

374 2944 519 3003 rent,
569 2944 837 3007 quantam
884 2933 1268 2989 calamitatem
1319 2931 1536 2988 civitati
1586 2929 1929 2998 intulissent,
1975 2930 2033 2985 in
2075 2930 2435 2988 Britanniam

371 3026 709 3101 profugisse.
792 3025 997 3081 Petere
1044 3043 1160 3080 non
1201 3021 1386 3080 solum
1436 3022 1791 3091 Bellovacos,
1835 3021 1934 3077 sed
1983 3022 2155 3079 etiam
2200 3042 2305 3099 pro
2350 3024 2438 3082 his

372 3118 617 3189 AEduoS‚
649 3129 711 3175 nt
738 3118 842 3174 susi
872 3116 1181 3173 clementia
1205 3134 1272 3172 ac
1296 3115 1737 3171 mansuetudine
1761 3114 1818 3170 in
1843 3133 1940 3171 eos
1964 3124 2171 3171 utatur.
2253 3115 2437 3175 Quod

373 3209 418 3266 si
452 3210 672 3279 fecerit,
705 3210 1027 3267 AElduorum
1059 3208 1458 3264 auctoritatem
1492 3207 1638 3282 apud
1669 3225 1871 3263 omnes
1898 3206 2105 3283 Belgas
2130 3207 2439 3281 amplifica-

372 3314 603 3357 turum:
649 3320 888 3375 quorum
922 3300 1148 3356 auxiliis
1192 3310 1370 3375 atque,
1403 3299 1628 3375 opibus,
1659 3300 1707 3357 si
1749 3319 1864 3373 qua
1910 3299 2058 3356 bella
2106 3298 2434 3370 inciderint,

374 3403 694 3449 sustentare
724 3390 1094 3449 consuerint)

455 3484 591 3541 XV:
647 3484 841 3541 Caesar
871 3484 1104 3540 honoris
1152 3483 1426 3541 Divitiaci
1475 3494 1642 3556 atque
1689 3483 2009 3540 AEduorum
2056 3481 2231 3537 causa
2276 3488 2437 3538 ‘sese

375 3596 473 3634 eos
523 3577 581 3633 in
625 3577 792 3633 fidem
843 3587 1209 3650 recepturum
1256 3586 1313 3632 et
1356 3577 1858 3632 conservaturum'
1905 3574 2086 3630 dixit:
2131 3572 2252 3642 sed,
2285 3572 2434 3646 quod

375 3681 496 3726 erat
547 3669 749 3724 civitas
796 3669 1004 3744 magna
1053 3668 1198 3725 inter
1250 3667 1459 3743 Belgas
1507 3667 1866 3737 auctoritate,
1925 3676 2094 3739 atque
2142 3664 2436 3721 hominum

375 3760 743 3818 multitudine
770 3760 1093 3834 praestabat,
1125 3759 1234 3816 DC
1264 3760 1495 3816 obsides
1534 3759 1813 3833 poposcit.
1900 3756 2011 3814 His
2051 3755 2294 3825 traditis„
2324 3774 2436 3811 om-

379 3854 661 3926 nibusque
693 3852 864 3907 armis
892 3869 962 3907 ex
990 3852 1205 3926 oppido
1249 3851 1494 3911 collatis.
1529 3851 1599 3906 ab
1641 3868 1713 3905 eo
1754 3850 1884 3904 loco
1926 3847 1983 3903 in
2021 3847 2163 3903 fines
2206 3845 2436 3902 Ambia-

2343 4032 2382 4058 «⁴
