2747 4376
360 265 439 329 70
913 252 952 307 Ἀ
1015 264 1112 314 DE
1158 265 1391 314 BELLo
1438 234 1758 316 GALuco
2029 267 2186 331 [cn.
2219 254 2438 318 54-37.

364 406 615 464 alienum
645 424 772 465 esse
798 417 1025 484 tempus
1054 409 1380 482 arbitratus,
1410 429 1517 468 suo
1557 429 1619 468 se
1660 409 1791 467 loco
1832 410 2140 482 continuit,
2168 420 2227 468 et
2266 409 2436 467 brevi

361 509 618 574 tempore
681 499 1028 572 intermisso,
1075 501 1134 557 in
1189 512 1380 559 castra
1431 502 1690 578 legiones
1743 502 1986 560 reduxit.
2088 502 2246 559 Dum
2301 502 2438 567 haec

359 602 658 668 geruntur,
687 592 897 648 nostris
924 593 1192 650 omnibus
1219 595 1539 668 occupatiS,
1570 594 1669 667 qui
1698 606 1862 651 erant
1902 595 1962 651 in
2005 594 2156 670 agris
2196 592 2434 668 reliqui,

323 674 766 740 “discesserunt
851 685 1081 741 Secutae
1125 698 1260 742 sunt
1303 686 1612 742 continuos
1652 685 1976 760 complures
2019 685 2143 742 dies
2183 697 2435 761 tempes-

360 783 526 846 tateS,
556 794 682 849 quae
712 789 769 832 et
797 787 1020 832 nostros
1062 776 1123 832 in
1164 776 1367 833 castris
1396 777 1790 848 continerent,
1821 788 1879 833 et
1919 777 2139 833 hostem
2169 796 2203 833 a
2227 778 2433 854 pugna

358 867 742 941 prohiberent.
827 867 1067 924 Interim
1095 869 1322 925 barbari
1350 869 1599 926 nuncios
1637 869 1697 926 in
1738 887 1939 931 omnes
1979 880 2168 944 partes
2196 869 2434 926 dimise-

360 968 513 1029 runt,
542 959 1006 1034 paucitatemque
1047 972 1370 1017 nostrorum
1412 960 1660 1017 militum
1699 961 1819 1017 suis
1860 949 2338 1036 praedicaverunt,
2369 964 2440 1017 et'

361 1062 575 1124 quanta
601 1050 805 1125 praedae
837 1051 1117 1108 faciendae
1149 1062 1318 1127 atque
1347 1052 1407 1108 in
1434 1063 1775 1128 perpetuum
1805 1053 1895 1123 sui
1932 1051 2218 1109 liberandi
2246 1052 2432 1108 facul·

361 1152 460 1198 tas·
495 1141 745 1213 daretur,
788 1142 835 1199 si
882 1141 1181 1200 Romanos
1224 1143 1428 1200 castris
1459 1143 1839 1219 expulissent,
1871 1144 2427 1201 demonstraverunt.

364 1233 475 1290 His
515 1234 687 1290 rebus
727 1233 990 1291 celeriter
1032 1253 1242 1311 magna
1286 1234 1656 1291 multitudine
1694 1235 1984 1310 peditatus
2023 1235 2431 1310 equitatusque

363 1326 588 1396 coacta,
591 1318 690 1382 ad
719 1337 906 1382 castra
933 1337 1226 1385 venerunt.

359 1474 376 1487 ,
440 1416 703 1475 XXXV.
760 1417 976 1488 Caesar,
1005 1418 1111 1476 etsi
1141 1417 1314 1488 idem,
1342 1418 1496 1493 quod
1525 1383 1915 1493 superioribus
1955 1417 2158 1474 diebus
2200 1417 2429 1475 accide-

363 1519 469 1580 rat,
500 1508 620 1567 sore
648 1509 894 1581 videbat,
926 1521 1006 1581 ut,
1037 1510 1085 1567 si
1113 1521 1303 1567 essent
1332 1510 1523 1567 hostes
1564 1509 1736 1585 pulsi,
1766 1509 2062 1567 celeritate
2100 1508 2427 1584 periculum

260 1636 263 1640 Δ
361 1601 714 1678 effugerent;
757 1612 947 1658 tamen
990 1614 1195 1658 nactus
1235 1602 1458 1675 equites
1499 1601 1741 1664 circiter,
1772 1601 2028 1678 triginta,
2067 1619 2211 1676 quos
2251 1600 2427 1658 Com-

361 1692 512 1750 mius
556 1691 820 1763 Atrebas,
849 1692 922 1750 de
962 1711 1078 1767 quo
1119 1691 1251 1750 ante
1300 1693 1520 1750 dictum
1562 1704 1667 1764 est,
1696 1711 1894 1757 secum
1923 1703 2424 1767 transportaverat,

360 1784 618 1861 legiones
645 1783 705 1841 in
736 1783 861 1840 acie
882 1802 986 1859 pro
1008 1784 1210 1841 castris
1231 1784 1546 1842 constituit.
1616 1784 1942 1841 Commisso
1962 1783 2184 1859 proelio,
2208 1783 2428 1841 diutius

360 1888 684 1934 nostrorum
713 1874 958 1932 militum
990 1875 1263 1952 impetum
1293 1876 1484 1933 hostes
1513 1875 1662 1933 ferre
1683 1895 1798 1933 non
1821 1885 2150 1952 potuerunt,
2175 1894 2244 1932 ac
2263 1886 2427 1952 terga

361 1979 668 2026 verterunt.
747 1967 920 2029 Quos
948 1978 1109 2025 tanto
1135 1968 1320 2044 spatio
1346 1967 1552 2040 secuti,
1582 1978 1859 2042 quantum
1899 1985 2073 2024 cursu
2115 1977 2174 2024 et
2208 1966 2427 2026 viribus

363 2061 592 2117 efficere
618 2071 948 2135 potuerunt,
978 2061 1303 2136 complures
1344 2080 1415 2117 ex
1458 2059 1527 2116 iis
1567 2058 1942 2127 occiderunt;
1987 2058 2216 2130 deinde,
2244 2059 2428 2116 omni-

363 2151 472 2209 bus
500 2150 671 2230 longe
701 2150 932 2227 lateque
961 2151 1227 2210 afflictis
1213 2152 1601 2227 mcensisque,
1630 2170 1693 2209 se
1721 2151 1780 2208 in
1810 2160 2000 2208 castra
2024 2160 2382 2227 receperunt.

379 2292 383 2296 ⁴
442 2244 734 2302 XXXVI.
796 2245 1015 2302 Eodem
1043 2244 1138 2301 die
1177 2239 1371 2321 legati,
1405 2245 1475 2301 ab
1515 2244 1776 2301 hostibus
1816 2242 1975 2299 missi
2018 2242 2089 2299 ad
2132 2243 2426 2300 Caesarem

364 2337 438 2396 de
463 2341 626 2413 pace,
659 2348 949 2395 venerunt.
1037 2335 1146 2406 His
1174 2335 1370 2392 Caesar
1398 2354 1702 2392 numerum
1730 2334 2016 2405 obsidum,
2046 2353 2218 2408 quem
2258 2345 2426 2392 antea

365 2428 760 2506 imperaverat,
806 2428 1137 2505 duplicavit,
1187 2446 1400 2502 eosque
1443 2427 1502 2483 in
1546 2426 1936 2484 continentem
1987 2425 2196 2482 adduci
2234 2424 2423 2502 jussit,

367 2521 542 2595 quod,
571 2521 887 2597 propinqua
917 2521 1010 2578 die
1039 2519 1393 2593 aequinoctii,
1424 2519 1664 2576 infirmis
1690 2519 1949 2588 navibus,
1980 2517 2154 2575 hiemi
2195 2518 2425 2594 naviga-

365 2612 580 2670 tionem
623 2611 1035 2687 subjiciendam
1077 2631 1214 2668 non.
1236 2612 1612 2668 existimabat.
1696 2609 1847 2685 Ipse,
1876 2608 2141 2666 idoneam
2183 2620 2425 2685 tempes-

364 2715 540 2761 tatem
586 2714 808 2772 nactuS,
852 2704 1025 2779 paulo
1069 2715 1198 2778 post
1255 2704 1501 2761 mediam
1555 2713 1787 2759 noctem
1839 2720 2014 2757 naves
2061 2700 2247 2772 solvit,
2296 2720 2424 2776 quae

364 2813 565 2853 omnes
621 2795 937 2851 incolumes
994 2794 1063 2849 ad
1128 2795 1519 2851 continentem
1575 2804 1994 2869 pervenerunt;
2054 2792 2154 2873 sed
2210 2811 2282 2850 ex
2335 2792 2425 2850 his

364 2886 640 2945 onerariae
669 2885 796 2942 duae
838 2885 1090 2956 eosdem,
1119 2904 1263 2959 quos
1302 2885 1556 2960 reliquae,
1585 2895 1782 2960 portus
1825 2901 2030 2959 capere
2071 2903 2186 2943 non
2227 2895 2426 2959 potue-

318 3046 322 3049 *
364 2988 517 3049 runt,
547 2988 604 3034 et
630 2976 802 3053 paulo
831 2975 979 3033 infra
1007 2976 1210 3034 delatae
1242 2987 1393 3035 sunt.

443 3068 767 3126 XXXVII.
821 3068 1060 3130 Quibus
1088 3086 1159 3124 ex
1199 3068 1440 3125 navibus
1480 3086 1659 3142 quum
1699 3077 1890 3124 essent
1929 3065 2170 3142 expositi
2213 3067 2425 3126 milites

365 3159 597 3218 circiter
625 3159 805 3231 CCC,
830 3169 999 3233 atque
1027 3158 1087 3216 in
1109 3170 1297 3216 castra
1318 3159 1751 3230 contenderent,
1775 3158 2012 3228 Morini,
2036 3177 2178 3233 quos
2206 3158 2423 3232 Caesar,

367 3252 425 3309 in
469 3251 828 3310 Britanniam
876 3251 1266 3327 proficiscenS,
1294 3262 1530 3326 pacatos
1571 3251 1896 3326 reliquerat,
1939 3268 2040 3325 spe
2079 3249 2286 3324 praedae
2333 3250 2428 3307 ad-

366 3344 546 3415 ducti,
583 3341 768 3419 primo
811 3362 928 3400 non
970 3343 1051 3401 ita
1092 3361 1303 3419 magno
1342 3361 1576 3399 suorum
1618 3360 1860 3398 numero
1901 3341 2424 3414 circumsteterunt,

366 3455 456 3507 ac,
485 3436 533 3493 si
563 3454 688 3492 sese
716 3434 962 3492 interfici
1003 3435 1239 3505 nollent,
1272 3453 1430 3491 arma
1468 3451 1684 3509 ponere
1717 3431 2025 3508 jusserunt.
2106 3431 2313 3492 Quum
2341 3433 2424 3491 illi

365 3528 506 3586 orbe
552 3527 707 3584 facto
752 3545 879 3584 sese
928 3526 1321 3597 defenderent,
1352 3525 1614 3583 celeriter
1665 3524 1734 3581 ad
1777 3524 2086 3581 clamorem
2129 3522 2424 3581 hominum

366 3619 598 3677 circiter
627 3618 806 3676 millia
842 3617 927 3674 VI
970 3627 1380 3676 convenerunt.
1460 3616 1603 3678 Qua
1648 3634 1710 3673 re
1752 3614 2050 3685 nunciata,
2080 3613 2278 3672 Caesar
2307 3635 2427 3673 om-

366 3730 497 3769 nem
543 3729 614 3768 ex
661 3710 863 3767 castris
909 3710 1224 3784 equitatum
1272 3709 1393 3766 suis
1436 3708 1650 3776 auxilio
1697 3707 1868 3764 misit.
1952 3704 2189 3762 Interim
2244 3708 2425 3765 nostri

369 3803 577 3861 milites
634 3802 911 3878 impetum
965 3802 1212 3858 hostium
1272 3802 1686 3874 sustinuerunt,
1744 3808 1914 3873 atque
1971 3794 2215 3873 amplius
2269 3798 2425 3857 horis

367 3906 608 3968 quatuor
639 3879 946 3952 fortissime
978 3904 1398 3969 pugnaverunt,
1429 3903 1506 3962 et,
1534 3891 1734 3966 paucis
1776 3889 2106 3947 vulneribus
2147 3891 2422 3966 acceptis,
