2747 4376
347 306 492 358 Car.
521 308 758 371 55-—584
1073 306 1289 356 LIBER
1329 306 1704 357 SEPTIMUS.
2302 312 2413 372 {3⁶1

767 395 796 422 q.

241 497 258 502 -
347 450 694 531 excludere]
741 460 990 527 possent.
1071 449 1272 513 Quam
1322 450 1394 508 ad
1437 468 1597 527 spem
1644 449 1890 509 multum
1938 470 2039 510 eos
2094 451 2415 528 adjuvabat,

350 540 517 616 quod
560 541 735 619 Liger
782 559 855 600 ex
899 541 1130 600 nivibus
1178 553 1457 614 creverat,
1507 552 1571 600 ut
1615 542 1852 601 omnino
1894 542 2041 601 vado
2080 562 2199 601 non
2250 563 2419 621 posse

350 632 593 692 transiri
620 633 927 706 videretur.

441 724 597 783 LVI.
650 723 889 787 Quibus
926 723 1101 783 rebus
1140 724 1409 802 cognitis,
1457 724 1654 783 Caesar
1692 726 2097 784 maturandum
2135 726 2246 786 sibi
2286 746 2421 786 cen·

354 816 498 888 suit,
526 816 576 874 si
624 827 776 875 esset
820 816 882 874 in
927 816 1295 893 perficiendis
1336 816 1609 893 pontibus
1645 817 2108 893 periclitandum,
2136 829 2201 877 ut
2236 816 2418 895 prius,

355 907 538 983 quam
586 919 777 966 essent
822 907 1067 985 majores
1113 906 1186 966 eo
1234 919 1453 967 coactae
1496 909 1698 985 copiae,
1746 909 2063 969 dimicaret.
2144 909 2204 968 N
2210 930 2301 968 am
2357 921 2420 969 ut

355 1011 720 1062 commutato
758 1000 1003 1058 consilio
1048 999 1157 1059 iter
1204 999 1266 1059 in
1310 1000 1668 1076 provinciam
1710 1012 2087 1074 converteret,
2117 1000 2210 1079 (ut
2248 1021 2422 1061 nemo

362 1111 482 1150 non
537 1102 680 1150 tunc
732 1091 965 1167 quidem
1020 1090 1350 1151 necessario
1400 1091 1729 1150 faciendum
1776 1092 2185 1173 existimabat,)
2241 1113 2420 1170 quum

362 1183 607 1242 infamia
647 1194 817 1258 atque
856 1182 1174 1261 indignitas
1209 1183 1315 1256 rei,
1342 1194 1403 1242 et
1440 1183 1735 1260 oppositus
1779 1203 1946 1243 mons
1987 1185 2264 1244 Cevenna
2307 1185 2422 1244 via-

361 1293 610 1351 rumque
655 1275 963 1333 difficultas
1015 1275 1386 1352 impediebat,
1438 1286 1562 1334 tum
1614 1275 1884 1349 maxime,
1938 1275 2096 1353 quod
2150 1277 2423 1355 abjuncto

365 1366 627 1425 Labieno
681 1377 851 1443 atque
904 1367 977 1425 iis
1024 1366 1371 1445 legionibus,
1413 1386 1556 1443 quas
1595 1366 1713 1425 una
1759 1368 2012 1441 miserat,
2055 1369 2419 1428 vehementer

253 1495 264 1498 -
363 1459 630 1531 timebat.
720 1458 947 1534 Itaque,
997 1458 1306 1516 admodum
1347 1459 1573 1548 magnis
1624 1459 1846 1518 diurnis
1900 1471 2071 1536 atque
2122 1461 2422 1520 nocturnis

365 1551 669 1609 itineribus
697 1550 998 1623 confectis,
1028 1561 1232 1608 contra
1257 1549 1516 1609 omnium
1543 1550 1875 1627 opinionem
1904 1552 1976 1609 ad
2002 1552 2259 1630 Ligerim
2297 1572 2421 1630 per·

363 1643 559 1714 venit3
601 1643 861 1718 vadoque
895 1660 998 1718 per
1038 1642 1263 1717 equites
1302 1641 1556 1714 invento,
1582 1661 1688 1718 pro
1726 1642 1812 1702 rei
1852 1644 2195 1702 necessitate
2220 1663 2422 1721 oppor-

360 1745 526 1806 tuno,
555 1745 618 1792 ut
644 1734 882 1792 brachia
907 1732 1080 1792 modo
1111 1744 1282 1809 atque
1308 1733 1534 1792 humeri
1572 1724 1643 1792 ad
1683 1735 2018 1793 sustinenda
2058 1754 2216 1793 arma
2253 1736 2419 1795 liberi

361 1827 436 1884 ab
466 1827 614 1901 aqua
641 1844 767 1884 esse
792 1837 1045 1902 possent,
1074 1825 1352 1901 disposito
1377 1825 1655 1901 equitatu,
1678 1826 1777 1902 qui
1804 1827 1919 1884 vim
1946 1825 2201 1886 fluminis
2221 1828 2418 1887 refrin-

357 1930 543 1995 geret,
599 1929 769 1993 atque
823 1917 1083 1975 hostibus
1132 1917 1319 1993 primo
1365 1929 1600 1994 aspectu
1651 1918 2016 1993 perturbatis,
2071 1919 2419 1979 incolumem

357 2010 679 2068 exercitum
706 2009 1058 2067 transduxit:
1100 2009 1565 2084 frumentumque
1592 2008 1652 2066 in
1682 2010 1834 2087 agris
1860 2020 1918 2068 et
1945 2011 2173 2086 copiam
2193 2012 2421 2087 pecoris

359 2114 589 2174 nactus„
633 2101 851 2177 repleto
897 2100 969 2159 iis
1012 2100 1184 2158 rebus
1219 2100 1497 2171 exercitu,
1542 2099 1651 2159 iter
1696 2101 1756 2158 in
1800 2102 2064 2160 Senonas
2106 2102 2296 2161 facere
2338 2103 2422 2162 in-

357 2195 569 2253 stituit.

443 2286 630 2344 LVII.
687 2286 846 2344 Dum
873 2286 999 2344 haec
1028 2286 1177 2362 apud
1204 2285 1496 2344 Caesarem
1523 2297 1820 2363 geruntur,
1850 2286 2143 2346 Labienus
2181 2307 2253 2346 eo
2291 2282 2421 2364 sup-

357 2379 672 2453 plemento,
718 2378 871 2453 quod
913 2396 1096 2454 nuper
1138 2396 1209 2436 ex
1255 2377 1426 2436 Italia
1468 2388 1722 2449 venerat,
1762 2377 1968 2436 relicto
2015 2380 2326 2456 Agendici,
2358 2391 2421 2439 ut

363 2481 515 2528 esset
544 2470 969 2547 impedimentis
993 2470 1280 2546 praesidio,
1310 2488 1446 2527 cum
1482 2479 1725 2545 quatuor
1764 2468 2091 2547 legionibus
2129 2470 2419 2529 Lutetiam

363 2563 763 2637 proficiscitur.
844 2561 914 2618 Id
958 2572 1045 2619 est
1092 2560 1367 2637 oppidum
1414 2560 1787 2632 Parisiorum,
1832 2560 2085 2638 positum
2122 2562 2184 2621 in
2232 2561 2419 2619 insula

363 2654 618 2725 fluminis
645 2655 947 2729 Sequanae.
1032 2653 1215 2730 Cujus
1243 2653 1489 2711 adventu
1520 2654 1591 2711 ab
1627 2652 1886 2711 hostibus
1914 2653 2168 2731 cognito,
2195 2673 2419 2732 magnas

361 2765 435 2803 ex
481 2746 741 2804 finitimis
792 2744 1124 2803 civitatibus
1170 2744 1351 2820 copiae
1407 2756 1817 2803 convenerunt.
1900 2746 2141 2804 Summa
2193 2746 2418 2823 imperii

362 2838 605 2895 traditur
659 2836 1057 2914 Camulogeno
1119 2836 1394 2906 Aulerco,
1448 2835 1568 2912 qui,
1619 2855 1799 2913 prope
1865 2837 2165 2896 confectus
2229 2849 2417 2911 aetate,

363 2942 556 2988 tamen
593 2940 821 3005 propter
862 2927 1211 3006 singularem
1257 2927 1559 2986 scientiam
1601 2928 1684 2985 rei
1733 2929 1995 2988 militaris
2039 2929 2110 2986 ad
2156 2948 2290 2988 eum
2331 2941 2420 2989 est

366 3023 639 3079 honorem
685 3031 973 3080 evocatus.
1053 3018 1115 3077 Is
1156 3038 1332 3095 quum
1378 3018 1868 3078 animadvertisset
1906 3031 2240 3097 perpetuam
2292 3039 2419 3081 esse

365 3113 652 3188 paludem,
681 3131 809 3188 quae
837 3110 1104 3169 influeret
1130 3110 1190 3168 in
1219 3111 1568 3186 Sequanam,
1592 3120 1761 3186 atque
1788 3110 1948 3168 illum
1968 3130 2200 3170 omnem
2224 3112 2419 3171 locum

369 3222 712 3281 magnopere
762 3202 1082 3279 impediret,
1132 3200 1230 3260 hic
1279 3201 1561 3273 consedit,
1609 3212 1945 3277 nostrosque
1996 3204 2240 3261 transitu
2292 3223 2420 3281 pro·

368 3296 563 3354 hibere
590 3294 854 3353 instituit.

444 3385 661 3445 LVIH.
719 3385 1011 3444 Labienus
1034 3384 1221 3461 primo
1250 3385 1447 3443 vineas
1485 3403 1674 3462 agere,
1704 3385 1958 3443 cratibus
1999 3397 2168 3461 atque
2210 3407 2419 3465 aggere

363 3479 632 3555 paludem
674 3478 903 3555 explere
946 3489 1115 3553 atque
1163 3477 1269 3536 iter
1311 3476 1540 3534 munire
1587 3477 1920 3535 conabatur.
2001 3477 2312 3553 Postquam
2359 3478 2418 3536 id

364 3568 660 3628 difficilius
685 3568 923 3629 confieri
964 3568 1383 3640 animadvertit,
1411 3567 1642 3626 silentio
1688 3587 1722 3627 e
1768 3568 1973 3627 castris
2011 3569 2182 3628 tertia
2221 3568 2418 3646 vigilia

364 3681 649 3739 egressus,
678 3661 902 3734 eodem,
930 3680 1046 3737 quo
1072 3671 1324 3732 venerat,
1353 3660 1559 3719 itinere
1586 3659 1965 3720 Melodunum
1992 3660 2267 3736 pervenit.
2346 3659 2417 3717 Id

364 3765 451 3812 est
496 3753 771 3830 oppidum
820 3754 1138 3825 Senonum,
1167 3752 1226 3809 in
1274 3751 1463 3809 insula
1510 3752 1794 3827 Sequanae
1838 3751 2110 3829 positum,
2139 3763 2202 3809 ut
2242 3749 2415 3826 paulo

363 3844 499 3904 ante
529 3845 821 3904 Lutetiam
848 3844 1113 3903 diximus.
1195 3844 1586 3920 Deprehensis
1613 3844 1855 3901 navibus
1883 3842 2113 3901 circiter
2142 3841 2213 3914 L,
2241 3842 2418 3900 celer·

366 3950 588 4013 iterque
616 3936 959 4013 conjunctis,
990 3947 1158 4011 atque
1184 3934 1254 3994 eo
1297 3934 1575 3993 militibus
1617 3934 1916 4010 impositis,
1945 3945 2000 3992 et
2043 3933 2124 3992 rei
2167 3934 2419 3993 novitate

884 4028 955 4084 12
975 4025 1009 4061 ¹*
