2747 4376
352 320 433 378 68
1008 298 1103 365 ni:
1151 317 1385 366 BELLo
1433 319 1756 368 GAmeo
2025 321 2184 386 [cn.
2216 322 2432 372 28-31.

354 473 413 520 et
439 480 511 519 ex
551 460 755 518 castris
800 459 1150 533 viderentur,
1179 471 1339 518 tanta
1385 465 1695 538 tempestas
1737 461 1929 520 subito
1979 475 2180 522 coorta
2223 476 2333 537 est,
2364 476 2429 524 ut

352 553 515 611 nulla
539 571 736 610 earum
767 571 999 608 cursum
1028 567 1227 610 tenere
1251 563 1465 628 posset,
1495 554 1596 611 sed
1640 554 1764 611 aliae
1806 554 2032 626 eodem,
2060 540 2219 614 'unde
2259 567 2432 615 erant

350 645 643 721 profectae,
685 644 1053 715 referrentur,
1099 644 1223 700 aliae
1268 644 1339 701 ad
1382 645 1712 702 inferiorem
1754 656 1976 721 partem
2021 644 2243 719 insulae,
2295 667 2430 723 quae
2526 646 2534 653 ⁴

352 745 439 794 est
464 734 702 812 propius
728 735 865 792 solis
905 754 1200 807 occasum,
1228 755 1443 812 magno
1483 737 1573 794 sui
1618 756 1754 794 cum
1797 737 2062 813 periculo
2104 739 2430 815 dejiceren-

352 837 481 885 tur:
523 847 652 902 quae
693 838 908 899 tamen,
939 826 1167 883 ancoris
1202 826 1397 903 jactis,
1427 846 1605 903 quum
1649 826 1923 886 fluctibus
1971 831 2426 905 complerentur,

352 917 681 989 necessario
733 918 969 977 adversa
1017 929 1191 976 nocte
1232 918 1291 975 in
1336 920 1515 977 altum
1557 930 1844 995 provectae
1889 921 2287 979 continentem
2326 940 2430 997 pe-

351 1012 584 1068 tierunt.
1145 1025 1173 1053 0

431 1101 668 1160 XXIX.
726 1102 949 1159 Eadem
977 1113 1149 1159 nocte
1180 1101 1416 1174 accidit,
1444 1113 1509 1160 ut
1532 1113 1688 1160 esset
1728 1103 1868 1160 luna
1906 1103 2109 1179 plena;
2153 1104 2254 1179 qui
2296 1104 2428 1162 dies

352 1193 669 1251 maritimos
698 1204 868 1251 aestus
896 1193 1174 1250 maximos
1204 1193 1264 1250 in
1291 1193 1537 1251 Oceano
1563 1195 1794 1252 efficere
1815 1195 2144 1252 consuevit:
2187 1195 2427 1253 nostris-

353 1303 467 1359 que
494 1285 554 1343 id
581 1296 705 1343 erat
733 1285 1111 1362 incognitum.
1193 1284 1286 1342 Ita
1314 1304 1433 1342 uno
1458 1295 1716 1361 tempore
1748 1296 1808 1344 et
1845 1286 2048 1363 longas
2073 1305 2267 1359 naves,
2298 1288 2425 1362 qui-

353 1376 462 1434 bus
511 1377 709 1434 Caesar
753 1378 1071 1435 exercitum
1114 1377 1618 1452 transportandum
1674 1387 1992 1449 curaverat,
2050 1396 2305 1452 quasque
2360 1379 2424 1436 in

355 1468 582 1526 aridum
626 1469 995 1539 subduxerat,
1040 1478 1212 1525 aestus
1256 1468 1614 1544 complebat3
1678 1478 1737 1526 et
1789 1469 2101 1540 onerarias,
2156 1489 2284 1544 quae
2348 1470 2423 1527 ad

355 1578 596 1617 ancoras
634 1571 798 1618 erant
837 1560 1122 1636 deligatae,
1163 1570 1474 1635 tempestas
1517 1559 1858 1630 afflictabat3
1901 1578 2091 1634 neque
2134 1561 2252 1618 ulla
2290 1580 2425 1618 nos-

353 1650 456 1707 tris
484 1650 727 1708 facultas
769 1664 866 1707 aut
908 1651 1363 1718 administrandi,
1397 1663 1496 1708 aut
1539 1651 1855 1708 auxiliandi
1897 1650 2158 1709 dabatur.
2245 1651 2423 1709 Com-

353 1740 612 1818 pluribus
639 1743 880 1799 navibus
922 1741 1138 1813 fractiS‚
1169 1743 1404 1816 reliquae
1445 1761 1623 1819 quum
1664 1753 1875 1814 essent,
1906 1742 2159 1814 funibus,
2191 1745 2422 1804 ancoris

352 1832 703 1908 reliquisque
732 1833 1099 1890 armamentis
1129 1833 1371 1905 amissis,
1397 1834 1468 1890 ad
1497 1834 1886 1910 navigandum
1909 1834 2162 1907 inutile8‚
2185 1845 2418 1913 magna,

354 1924 413 1983 id
441 1925 595 2000 quod
622 1943 862 1982 necesse
890 1935 1013 1982 erat
1044 1924 1330 1997 accidere,
1359 1925 1537 1983 totius
1565 1925 1855 1983 exercitus
1880 1926 2236 2000 perturbatio
2263 1928 2421 1987 facta

353 2027 477 2075 est:
523 2035 711 2091 neque
738 2016 894 2074 enim
921 2035 1097 2074 naves
1123 2027 1287 2075 erant
1333 2017 1479 2087 aliae,
1509 2016 1718 2092 quibus
1756 2016 2033 2092 reportari
2065 2029 2318 2092 possent,
2360 2031 2420 2079 et

353 2108 549 2166 omnia
575 2108 831 2179 deerant,
861 2127 988 2185 quae
1019 2108 1090 2165 ad
1117 2107 1461 2166 reficiendas
1488 2127 1586 2165 eas
1622 2107 1753 2164 usui
1795 2119 1965 2178 sunt3
2009 2119 2086 2179 et,
2116 2109 2273 2184 quod
2300 2131 2421 2169 om-

353 2200 525 2258 nibus
553 2202 873 2272 constabat,
902 2200 1157 2258 hiemare
1187 2200 1246 2257 in
1286 2200 1480 2258 Gallis
1521 2210 1804 2276 oportere,
1835 2200 2186 2258 frumentum
2228 2203 2316 2260 his
2358 2203 2419 2260 in

353 2292 499 2350 locis
527 2292 585 2350 in
615 2292 863 2350 hiemem
890 2292 1179 2368 provisum
1207 2311 1325 2348 non
1354 2302 1493 2349 erat.

433 2384 637 2442 XXX.
690 2384 929 2446 Quibus
956 2385 1127 2442 rebus
1167 2383 1437 2461 cognitis,
1464 2384 1758 2459 principes
1798 2382 2135 2455 Britanniae,
2165 2383 2265 2458 qui
2290 2396 2421 2460 post

353 2477 617 2554 proelium
647 2476 861 2534 factum
893 2476 963 2533 ad
1006 2494 1095 2548 ea,
1124 2495 1251 2551 quae
1294 2476 1542 2551 jusserat
1583 2475 1799 2546 Caesar,
1829 2474 2099 2532 facienda
2138 2494 2418 2534 convene-

355 2579 503 2641 rant,
534 2568 681 2626 inter
723 2587 786 2626 se
827 2568 1120 2636 collocuti,
1149 2586 1327 2642 quum
1368 2567 1594 2641 equites
1639 2577 1697 2623 et
1739 2585 1914 2623 naves
1963 2576 2022 2624 et
2070 2568 2417 2625 frumentum

355 2660 642 2717 Romanis
671 2660 871 2717 deesse
898 2659 1307 2735 intelligerent,
1336 2669 1396 2715 et
1438 2658 1790 2733 paucitatem
1819 2647 2069 2716 militum
2098 2677 2169 2715 ex
2210 2669 2419 2716 castro-

354 2770 483 2808 rum
512 2751 825 2827 exiguitate
854 2760 1292 2826 cognoscerent,
1321 2769 1450 2824 quae
1491 2749 1604 2806 hoc
1644 2760 1809 2807 erant
1851 2748 2027 2808 etiam
2069 2750 2420 2826 angustiora,

355 2840 512 2917 quod
560 2842 686 2900 sine
730 2840 1156 2917 impedimentis
1203 2840 1399 2897 Caesar
1448 2839 1708 2916 legiones
1749 2850 2251 2916 transportaverat,
2279 2842 2421 2917 opti·
2477 2902 2481 2906 ,

356 2953 512 2991 mum
543 2933 701 2990 factu
729 2952 854 2990 esse
883 2933 1187 3003 duxerunt,
1216 2930 1530 2988 rebellione
1558 2930 1733 3002 facta,
1757 2931 2047 2990 frumento
2075 2944 2422 2991 commeatu-

356 3044 469 3100 que
496 3036 722 3082 nostros
761 3024 1064 3101 prohibere
1112 3034 1171 3081 et
1215 3042 1335 3080 rem
1379 3022 1438 3078 in
1482 3021 1733 3080 hiemem
1773 3024 2115 3098 producere,
2147 3023 2322 3099 quod,
2354 3025 2424 3082 iis

356 3118 636 3193 superatis
667 3128 763 3174 aut
789 3116 977 3174 reditu
1007 3115 1353 3186 interclusis,
1384 3114 1675 3171 neminem
1717 3126 1919 3190 postea
1959 3116 2095 3172 belli
2137 3115 2425 3174 inferendi

357 3209 534 3267 causa
563 3208 624 3265 in
654 3208 1013 3288 Britanniam
1040 3208 1413 3288 transiturum
1444 3207 1827 3265 confidebant.

436 3299 672 3357 XXXI.
730 3299 953 3374 Itaque,
986 3318 1184 3356 rursus
1225 3298 1626 3400 conjuratione
1670 3299 1845 3370 facta,
1873 3298 2150 3375 paulatim
2192 3317 2264 3355 ex
2305 3318 2422 3356 cas·

355 3393 461 3449 tris
489 3391 789 3461 discedere
820 3410 888 3448 ac
929 3411 1064 3448 suos
1106 3388 1257 3448 clam
1299 3409 1371 3448 ex
1418 3391 1570 3467 agris
1614 3391 1904 3448 deducere
1946 3400 2261 3465 coeperunt.
2345 3390 2429 3448 At

359 3483 576 3555 Caes'ar,
619 3482 726 3541 etsi
774 3483 1033 3540 nondum
1080 3502 1279 3540 eorum
1331 3483 1573 3540 consili-a
1622 3493 1989 3558 cognoverat,
2018 3493 2212 3539 tamen
2260 3491 2318 3539 et
2357 3499 2431 3538 ex

360 3586 567 3635 eventu
596 3574 826 3632 navium
857 3594 1109 3645 suarum,
1140 3585 1196 3632 et
1231 3593 1302 3632 ex
1342 3594 1433 3646 eo,
1465 3573 1619 3649 quod
1661 3574 1890 3631 obsides
1931 3573 2069 3630 dare
2090 3551 2430 3648 intermise-

360 3678 509 3738 rant,
559 3667 680 3724 fore
728 3665 807 3737 id,
852 3666 1003 3741 quod
1053 3667 1285 3737 accidit,
1340 3667 1758 3742 suspicabatur.
1843 3664 2047 3737 Itaque
2105 3663 2175 3719 ad
2230 3682 2430 3720 omnes

364 3779 534 3817 casus
562 3759 817 3818 subsidia
858 3759 1226 3832 comparabat
1250 3779 1279 3835 :—
1306 3777 1441 3814 nam
1489 3768 1547 3814 et
1594 3757 1944 3814 frumentum
1986 3773 2057 3810 ex
2101 3739 2252 3830 agris
2294 3773 2431 3828 quo-

361 3852 505 3909 tidie
562 3851 622 3908 in
678 3862 864 3908 castra
918 3850 1270 3919 conferebat,
1314 3861 1370 3906 et
1427 3868 1553 3922 quae
1608 3844 1942 3924 gravissime
2002 3844 2225 3901 afflictae
2269 3858 2431 3901 erant

363 3961 558 4010 naveS,
582 3961 780 4000 earum
810 3942 1047 3999 materia
1077 3952 1246 4015 atque
1276 3959 1388 3998 aere
1414 3940 1482 3996 ad
1507 3939 1756 4013 reliquas
1778 3938 2121 3995 reficiendas
2144 3937 2408 3994 utebatur
