2747 4376
358 304 429 364 18
1007 300 1102 349 m:
1148 299 1382 349 Βειιο
1431 299 1752 349 cancico
2042 299 2200 363 [cir.
2234 300 2318 358 ao,
2350 299 2441 346 31.

358 444 608 504 Helvetii
644 443 1029 518 reliquissent,
1059 442 1142 501 uti
1172 444 1276 501 toti
1322 443 1529 501 Galliae
1574 443 1788 501 bellum
1832 442 2128 513 inferrent,
2160 441 2445 517 imperio-

353 555 465 613 que
486 538 825 612 potirentur,
855 536 1166 611 locumque
1193 536 1492 593 domicilio
1519 554 1590 593 ex
1618 535 1829 611 magni
1868 535 2039 609 copia
2079 534 2438 611 deligerent,

354 647 524 702 quem
579 647 651 686 ex
703 629 861 685 omni
916 627 1108 684 Gallia
1174 628 1723 704 opportunissimum
1780 644 1848 684 ac
1903 626 2438 684 fructuosissimum

353 719 726 796 judicassent,
767 720 1131 795 reliquasque
1173 720 1436 778 civitates
1475 719 1878 794 stipendiarias
1919 719 2232 776 haberent!
2299 717 2440 775 Pet-

360 812 565 883 ierunt,
595 818 611 844 ‘
632 810 714 869 uti
745 811 1209 870 sibi'concilium
1234 812 1414 869 totius
1438 811 1645 868 Galliae
1675 812 1735 868 in
1763 810 1919 868 diem
1955 820 2173 868 certam
2204 809 2438 867 indice-

241 942 258 961 .
357 920 437 973 re,
468 902 641 978 idque
683 903 931 961 Caesaris
971 902 1265 961 voluntate
1308 903 1521 973 facere,
1549 902 1789 960 liceret:
1832 920 1960 960 sese
1996 902 2211 959 habere
2258 921 2437 977 quas-

354 993 487 1051 dam
516 1012 627 1066 res,
657 1013 799 1069 quas
826 1014 899 1053 ex
925 995 1219 1052 communi
1250 1013 1537 1052 consensu
1568 995 1638 1051 ab
1666 1013 1738 1051 eo
1762 1004 1961 1070 petere
2000 993 2248 1052 vellent?
2335 994 2435 1051 Ea

358 1104 419 1143 re
444 1086 744 1161 permissa,
773 1087 928 1145 diem
957 1087 1209 1144 concilio
1237 1086 1680 1157 constituerunt,
1703 1096 1762 1143 et
1781 1086 2175 1162 jurejurando,
2199 1103 2275 1142 ne
2296 1086 2435 1160 quis

356 1178 716 1250 enunciaret,
746 1179 859 1236 nisi
886 1179 1095 1255 quibus
1122 1178 1418 1236 communi
1445 1178 1691 1235 consilio
1716 1177 2053 1235 mandatum
2079 1187 2251 1247 esset,
2275 1177 2433 1234 inter

357 1287 420 1328 se
447 1282 776 1329 sanxerunt.

435 1361 673 1421 XXXI.
730 1362 821 1421 Eo
846 1361 1099 1420 concilio
1138 1360 1396 1432 dimiss0,
1426 1360 1601 1418 iidem
1642 1360 1936 1437 principes
1976 1360 2295 1432 civitatum,
2324 1360 2429 1436 qui

360 1452 493 1511 ante
543 1453 768 1512 fuerant
812 1454 882 1512 ad
921 1454 1242 1525 Caesarem,
1284 1463 1662 1523 reverterunt,
1712 1454 2135 1527 petieruntque,
2179 1450 2263 1510 uti
2312 1453 2430 1511 sibi

358 1544 582 1613 secreto
613 1546 671 1602 in
701 1546 934 1603 occulto
961 1547 1034 1604 de
1061 1545 1165 1603 sui
1194 1545 1569 1619 omniumque
1598 1544 1783 1601 salute
1813 1562 1945 1601 cum
1975 1562 2047 1601 eo
2076 1562 2248 1620 agere
2287 1544 2432 1601 lice-

281 1664 290 1685 ·
361 1646 461 1693 ret.
547 1635 634 1693 Ea
666 1655 726 1694 re
755 1637 1074 1713 impetrata,
1100 1654 1225 1694 sese
1252 1655 1455 1693 omnes
1478 1635 1681 1693 flentes
1709 1636 1926 1717 Caesari
1953 1636 2023 1692 ad
2044 1637 2221 1712 pedes
2240 1637 2431 1712 proje-

359 1738 595 1786 cerunt:
641 1735 657 1761 ‘
677 1727 736 1785 N
742 1747 816 1785 on
856 1727 1048 1785 minus
1089 1747 1152 1785 se
1197 1728 1254 1785 id
1297 1727 1650 1784 contendere
1678 1739 1736 1785 et
1763 1728 2045 1799 laborare,
2074 1746 2149 1785 ne
2176 1747 2266 1799 ea,
2295 1747 2429 1803 quoe

359 1818 655 1890 dixissent,
685 1820 1152 1890 enunciarentur‚
1182 1818 1354 1893 quam
1385 1817 1467 1876 uti
1498 1837 1586 1890 ea,
1610 1837 1736 1893 quae
1765 1819 1995 1891 vellent,
2019 1821 2425 1895 impetrarent;

360 1921 658 1986 propterea
685 1911 861 1986 quod,
891 1911 939 1968 si
968 1911 1341 1968 enunciatum
1370 1923 1541 1982 esset,
1570 1930 1860 1968 summum
1889 1912 1949 1968 in
1993 1913 2321 1969 cruciatum
2363 1931 2429 1970 se

361 2012 629 2060 venturos
677 2004 969 2060 viderent!
1054 2001 1315 2059 Locutus
1358 2013 1446 2061 est
1493 2022 1598 2079 pro
1645 2003 1735 2060 his
1782 2003 2109 2060 Divitiacus
2155 2003 2423 2061 AEduus:

363 2099 378 2126 ⁴
401 2094 605 2151 Galliae
632 2095 807 2152 totius
837 2095 1116 2152 factiones
1143 2113 1269 2152 esse
1297 2095 1440 2151 duas
1463 2116 1475 2153 :
1521 2095 1723 2151 harum
1764 2095 1996 2152 alterius
2035 2095 2424 2171 principatum

360 2196 559 2244 tenere
586 2185 828 2259 AEduos,
861 2187 1093 2246 alterius
1129 2187 1437 2245 Arvernos.
1523 2185 1603 2244 Hi
1649 2206 1827 2261 quum
1875 2198 2176 2264 tantopere
2216 2188 2290 2246 de
2328 2203 2428 2265 po-

362 2289 582 2337 tentatu
613 2280 759 2337 inter
786 2299 850 2338 se
876 2280 1086 2338 multos
1114 2299 1293 2337 annos
1334 2278 1769 2349 contenderent,
1800 2279 2017 2336 factum
2058 2299 2206 2352 esse,
2236 2280 2319 2338 uti
2353 2283 2424 2338 ab

365 2371 639 2430 Arvernis
662 2374 1059 2448 Sequanisque
1080 2370 1354 2429 Germani
1378 2370 1645 2427 mercede
1668 2376 2109 2448 arcesserentur.
2196 2372 2423 2431 Horum

365 2462 547 2538 primo
578 2465 810 2523 circiter
839 2465 1018 2522 millia
1044 2463 1160 2520 XV
1191 2462 1468 2519 Rhenum
1503 2461 1816 2519 transisse:
1857 2475 2229 2538 posteaquam
2256 2465 2423 2542 'agros

364 2566 422 2612 et
449 2556 668 2613 cultum
698 2568 756 2615 et
784 2557 979 2632 copias
1005 2555 1303 2612 Gallorum
1332 2553 1596 2610 homines
1639 2552 1744 2610 feri
1788 2572 1856 2610 ac
1898 2555 2127 2613 barbari
2172 2557 2423 2613 adamas-

364 2657 510 2718 sem,
538 2650 903 2705 transductos
930 2648 1154 2722 plures:
1197 2663 1354 2701 nunc
1385 2664 1511 2702 esse
1540 2646 1598 2701 in
1639 2645 1831 2702 Gallia
1871 2647 1942 2702 ad
1985 2646 2034 2703 C
2065 2658 2123 2705 et
2151 2647 2273 2705 XX
2302 2648 2422 2705 mil·

364 2736 504 2806 lium
555 2757 894 2797 numerum:
966 2756 1100 2794 cum
1163 2736 1253 2794 his
1308 2736 1532 2792 AEduos
1586 2755 1901 2812 eorumque
1956 2739 2198 2797 clientes
2250 2740 2419 2807 semel

367 2839 536 2903 atque
579 2831 783 2888 iterum
826 2829 998 2886 armis
1039 2828 1441 2897 contendisse3
1486 2847 1755 2905 magnam
1799 2829 2186 2887 calamitatem
2231 2832 2422 2906 pulsos

368 2911 679 2999 accepisse,
708 2941 937 2979 omnem
966 2921 1341 2990 nobilitatem,
1371 2939 1603 2977 omnem
1630 2932 1912 2991 senatum,
1942 2939 2172 2978 omnem
2210 2924 2422 2997 equita-

366 3028 485 3075 tum
518 3015 788 3072 amisisse.
870 3013 1106 3074 Quibus
1133 3012 1349 3088 proeliis
1391 3011 1926 3087 calamitatibusque
1968 3014 2199 3085 fractOS,
2232 3014 2330 3089 qui
2368 3030 2421 3073 et

368 3108 470 3167 sua
498 3108 707 3164 virtute
735 3116 793 3163 et
819 3105 1012 3181 populi
1042 3104 1297 3161 Romani
1325 3104 1574 3178 hospitio
1603 3114 1773 3178 atque
1814 3105 2072 3162 amicitia
2114 3105 2420 3181 plurimum

369 3197 499 3258 ante
532 3199 590 3256 in
618 3198 809 3274 Gallia
850 3197 1189 3272 potuissent,
1219 3207 1453 3252 coactos
1494 3213 1619 3252 esse
1663 3197 1950 3271 Sequanis
1996 3198 2228 3255 obsides
2270 3198 2420 3268 dare,

369 3275 752 3350 nobilissimos
780 3289 1045 3358 civitatis,
1074 3298 1132 3344 et
1166 3286 1538 3362 jurejurando
1575 3287 1867 3345 civitatem
1895 3289 2274 3367 obstringere,
2304 3286 2421 3348 se'se

368 3402 554 3458 neque
588 3382 816 3439 obsides
844 3381 1202 3455 repetituros,
1225 3396 1415 3452 neque
1438 3378 1711 3435 auxilium
1742 3399 1774 3437 a
1800 3371 2014 3456 populo
2035 3382 2308 3439 Romano
2328 3383 2421 3439 im·

367 3476 702 3552 ploraturOS,
732 3491 919 3547 neque
959 3481 1341 3540 recusaturos,
1372 3466 1487 3543 quo
1536 3469 1730 3528 minsis
1757 3471 2034 3547 perpetuo
2064 3473 2172 3530 sub
2203 3473 2417 3531 illorum

368 3568 584 3626 ditione
615 3576 782 3640 atque
811 3564 1052 3639 imperio
1091 3572 1295 3620 essent.
1379 3559 1576 3618 Unum
1616 3579 1678 3619 se
1719 3581 1845 3621 esse
1873 3581 1956 3642 ,ex
1998 3566 2155 3622 omni
2199 3567 2418 3623 civitate

370 3659 714 3728 AEduorum,
745 3656 843 3731 qui
875 3655 1082 3712 adduci
1111 3672 1226 3711 non
1255 3651 1525 3728 potuerit,
1556 3663 1618 3709 ut
1639 3653 1875 3729 juraret,
1909 3666 2005 3713 aut
2045 3675 2180 3713 suos
2221 3656 2418 3715 liberos

368 3752 596 3810 obsides
624 3749 801 3806 daret.
870 3746 967 3804 Ob
995 3765 1122 3803 eam
1150 3765 1270 3804 rem
1298 3764 1361 3804 se
1389 3764 1461 3804 ex
1481 3745 1711 3803 civitate
1731 3731 2074 3822 profugisse,
2098 3760 2158 3806 et
2179 3748 2416 3806 Romam

372 3844 442 3901 ad
487 3853 748 3902 senatum
791 3857 1033 3909 venisse,
1086 3839 1362 3896 auxilium
1408 3838 1776 3915 postulatum,
1825 3838 1979 3912 quod
2035 3840 2193 3897 solus
2245 3860 2417 3915 neque

365 3934 734 4014 jurejurando
786 3948 974 4007 neque
1015 3929 1311 3988 obsidibus
1351 3941 1659 3988 teneretur.
1744 3929 1863 3987 Sed
1909 3929 2075 4006 pejus
2119 3931 2416 3990 victoribus
