<?xml version="1.0" encoding="UTF-8"?>
<!DOCTYPE html PUBLIC "-//W3C//DTD XHTML 1.0 Transitional//EN"
    "http://www.w3.org/TR/xhtml1/DTD/xhtml1-transitional.dtd">
<html xmlns="http://www.w3.org/1999/xhtml" xml:lang="en" lang="en">
 <head>
  <title>
</title>
<meta http-equiv="Content-Type" content="text/html;charset=utf-8" />
  <meta name='ocr-system' content='tesseract 3.04.00' />
  <meta name='ocr-capabilities' content='ocr_page ocr_carea ocr_par ocr_line ocrx_word'/>
</head>
<body>
  <div class='ocr_page' id='page_1' title='image "./andrewscaesar00andrgoog_0080.png"; bbox 0 0 2747 4376; ppageno 0'>
   <div class='ocr_carea' id='block_1_1' title="bbox 252 277 2486 383">
    <p class='ocr_par' dir='ltr' id='par_1_1' title="bbox 252 277 2486 383">
     <span class='ocr_line' id='line_1_1' title="bbox 252 277 2486 383; baseline -0.003 -15"><span class='ocrx_word' id='word_1_1' title='bbox 252 358 281 383; x_wconf 53' lang='lat'><strong>⁴</strong></span> <span class='ocrx_word' id='word_1_2' title='bbox 345 318 428 377; x_wconf 73' lang='grc'><strong>66</strong></span> <span class='ocrx_word' id='word_1_3' title='bbox 512 277 523 290; x_wconf 39' lang='lat'>⁸</span> <span class='ocrx_word' id='word_1_4' title='bbox 1016 314 1111 362; x_wconf 80' lang='lat' dir='ltr'><strong>DE</strong></span> <span class='ocrx_word' id='word_1_5' title='bbox 1154 314 1386 362; x_wconf 79' lang='lat' dir='ltr'><strong>BELLO</strong></span> <span class='ocrx_word' id='word_1_6' title='bbox 1433 313 1751 362; x_wconf 56' lang='lat' dir='ltr'>GALLAJO</span> <span class='ocrx_word' id='word_1_7' title='bbox 2014 313 2173 377; x_wconf 64' lang='lat' dir='ltr'><strong>[Gar.</strong></span> <span class='ocrx_word' id='word_1_8' title='bbox 2204 313 2412 363; x_wconf 65' lang='lat'><strong>23—25.</strong></span> <span class='ocrx_word' id='word_1_9' title='bbox 2479 322 2486 329; x_wconf 90' lang='lat'><em>‘</em></span> 
     </span>
    </p>
   </div>
   <div class='ocr_carea' id='block_1_2' title="bbox 347 456 2502 1632">
    <p class='ocr_par' dir='ltr' id='par_1_2' title="bbox 347 456 2502 1432">
     <span class='ocr_line' id='line_1_2' title="bbox 350 456 2411 536; baseline -0.001 -19"><span class='ocrx_word' id='word_1_10' title='bbox 350 458 521 536; x_wconf 88' lang='lat' dir='ltr'><strong>adjici</strong></span> <span class='ocrx_word' id='word_1_11' title='bbox 573 469 781 534; x_wconf 89' lang='lat' dir='ltr'><strong>posset.</strong></span> <span class='ocrx_word' id='word_1_12' title='bbox 887 458 1065 515; x_wconf 91' lang='lat' dir='ltr'><strong>Hunc</strong></span> <span class='ocrx_word' id='word_1_13' title='bbox 1127 458 1196 515; x_wconf 88' lang='lat' dir='ltr'><strong>ad</strong></span> <span class='ocrx_word' id='word_1_14' title='bbox 1251 457 1665 534; x_wconf 86' lang='lat' dir='ltr'><strong>egrediendum</strong></span> <span class='ocrx_word' id='word_1_15' title='bbox 1718 475 2080 531; x_wconf 89' lang='lat' dir='ltr'><strong>nequaquam</strong></span> <span class='ocrx_word' id='word_1_16' title='bbox 2136 456 2411 515; x_wconf 87' lang='lat' dir='ltr'><strong>idoneum</strong></span> 
     </span>
     <span class='ocr_line' id='line_1_3' title="bbox 349 547 2409 623; baseline -0.001 -15"><span class='ocrx_word' id='word_1_17' title='bbox 349 551 654 608; x_wconf 82' lang='lat' dir='ltr'><strong>arbitratus</strong></span> <span class='ocrx_word' id='word_1_18' title='bbox 681 551 894 622; x_wconf 89' lang='lat' dir='ltr'><strong>locum,</strong></span> <span class='ocrx_word' id='word_1_19' title='bbox 925 549 1061 606; x_wconf 89' lang='lat' dir='ltr'><strong>dum</strong></span> <span class='ocrx_word' id='word_1_20' title='bbox 1089 551 1324 623; x_wconf 73' lang='lat' dir='ltr'><strong>reliquae</strong></span> <span class='ocrx_word' id='word_1_21' title='bbox 1353 568 1528 606; x_wconf 85' lang='lat' dir='ltr'><strong>naves</strong></span> <span class='ocrx_word' id='word_1_22' title='bbox 1555 547 1626 607; x_wconf 74' lang='lat' dir='ltr'><strong>eo</strong></span> <span class='ocrx_word' id='word_1_23' title='bbox 1670 550 2065 620; x_wconf 82' lang='lat' dir='ltr'><strong>convenirent,</strong></span> <span class='ocrx_word' id='word_1_24' title='bbox 2096 548 2169 606; x_wconf 89' lang='lat' dir='ltr'><strong>ad</strong></span> <span class='ocrx_word' id='word_1_25' title='bbox 2210 548 2409 606; x_wconf 90' lang='lat' dir='ltr'><strong>horam</strong></span> 
     </span>
     <span class='ocr_line' id='line_1_4' title="bbox 348 640 2407 721; baseline 0 -22"><span class='ocrx_word' id='word_1_26' title='bbox 348 661 559 699; x_wconf 90' lang='lat' dir='ltr'><strong>nonam</strong></span> <span class='ocrx_word' id='word_1_27' title='bbox 614 643 702 699; x_wconf 81' lang='lat' dir='ltr'><strong>in·</strong></span> <span class='ocrx_word' id='word_1_28' title='bbox 731 642 958 721; x_wconf 75' lang='lat' dir='ltr'><strong>ancoris</strong></span> <span class='ocrx_word' id='word_1_29' title='bbox 1023 641 1389 717; x_wconf 76' lang='lat' dir='ltr'><strong>exspectavit,</strong></span> <span class='ocrx_word' id='word_1_30' title='bbox 1471 640 1713 698; x_wconf 84' lang='lat' dir='ltr'><strong>Interim</strong></span> <span class='ocrx_word' id='word_1_31' title='bbox 1777 640 1982 717; x_wconf 90' lang='lat' dir='ltr'><strong>legatis</strong></span> <span class='ocrx_word' id='word_1_32' title='bbox 2046 640 2407 715; x_wconf 81' lang='lat' dir='ltr'>tribunisque</span> 
     </span>
     <span class='ocr_line' id='line_1_5' title="bbox 348 729 2404 808; baseline -0 -18"><span class='ocrx_word' id='word_1_33' title='bbox 348 732 594 790; x_wconf 89' lang='lat' dir='ltr'><strong>militum</strong></span> <span class='ocrx_word' id='word_1_34' title='bbox 650 733 998 805; x_wconf 87' lang='lat' dir='ltr'><strong>convocatis,</strong></span> <span class='ocrx_word' id='word_1_35' title='bbox 1055 743 1114 791; x_wconf 85' lang='lat' dir='ltr'><strong>et</strong></span> <span class='ocrx_word' id='word_1_36' title='bbox 1166 752 1293 807; x_wconf 81' lang='lat' dir='ltr'><strong>quae</strong></span> <span class='ocrx_word' id='word_1_37' title='bbox 1342 750 1415 790; x_wconf 86' lang='lat' dir='ltr'><strong>ex</strong></span> <span class='ocrx_word' id='word_1_38' title='bbox 1460 732 1757 789; x_wconf 82' lang='lat' dir='ltr'><strong>Voluseno</strong></span> <span class='ocrx_word' id='word_1_39' title='bbox 1804 729 2131 808; x_wconf 75' lang='lat' dir='ltr'><strong>cognosset,</strong></span> <span class='ocrx_word' id='word_1_40' title='bbox 2174 741 2234 789; x_wconf 91' lang='lat' dir='ltr'><strong>et</strong></span> <span class='ocrx_word' id='word_1_41' title='bbox 2279 750 2404 806; x_wconf 82' lang='lat' dir='ltr'><strong>quae</strong></span> 
     </span>
     <span class='ocr_line' id='line_1_6' title="bbox 350 816 2403 899; baseline -0.001 -18"><span class='ocrx_word' id='word_1_42' title='bbox 350 824 472 882; x_wconf 88' lang='lat' dir='ltr'><strong>fieri</strong></span> <span class='ocrx_word' id='word_1_43' title='bbox 494 816 701 897; x_wconf 51' lang='lat' dir='ltr'><strong>¹vellet,</strong></span> <span class='ocrx_word' id='word_1_44' title='bbox 737 825 1007 897; x_wconf 82' lang='lat' dir='ltr'><strong>ostendit,</strong></span> <span class='ocrx_word' id='word_1_45' title='bbox 1037 825 1393 899; x_wconf 88' lang='lat' dir='ltr'><strong>monuitque,</strong></span> <span class='ocrx_word' id='word_1_46' title='bbox 1423 834 1488 881; x_wconf 95' lang='lat' dir='ltr'><strong>ut</strong></span> <span class='ocrx_word' id='word_1_47' title='bbox 1527 824 1612 881; x_wconf 90' lang='lat' dir='ltr'><strong>rei</strong></span> <span class='ocrx_word' id='word_1_48' title='bbox 1651 823 1917 881; x_wconf 88' lang='lat' dir='ltr'><strong>militaris</strong></span> <span class='ocrx_word' id='word_1_49' title='bbox 1959 824 2126 894; x_wconf 82' lang='lat' dir='ltr'><strong>ratic,</strong></span> <span class='ocrx_word' id='word_1_50' title='bbox 2156 821 2403 880; x_wconf 68' lang='lat' dir='ltr'><strong>maxime</strong></span> 
     </span>
     <span class='ocr_line' id='line_1_7' title="bbox 347 894 2502 992; baseline 0 -20"><span class='ocrx_word' id='word_1_51' title='bbox 347 927 412 973; x_wconf 90' lang='lat' dir='ltr'><strong>ut</strong></span> <span class='ocrx_word' id='word_1_52' title='bbox 438 917 736 974; x_wconf 84' lang='lat' dir='ltr'><strong>maritimae</strong></span> <span class='ocrx_word' id='word_1_53' title='bbox 763 936 855 974; x_wconf 92' lang='lat' dir='ltr'><strong>res</strong></span> <span class='ocrx_word' id='word_1_54' title='bbox 892 917 1265 992; x_wconf 85' lang='lat' dir='ltr'><strong>postularent,</strong></span> <span class='ocrx_word' id='word_1_55' title='bbox 1294 894 1525 990; x_wconf 45' lang='lat' dir='ltr'><strong>ut&#39;ffluae</strong></span> <span class='ocrx_word' id='word_1_56' title='bbox 1573 915 1821 985; x_wconf 75' lang='lat' dir='ltr'><strong>celerem</strong></span> <span class='ocrx_word' id='word_1_57' title='bbox 1870 925 2040 989; x_wconf 87' lang='lat' dir='ltr'><strong>atque</strong></span> <span class='ocrx_word' id='word_1_58' title='bbox 2082 914 2406 977; x_wconf 78' lang='lat' dir='ltr'><strong>instabilem</strong></span> <span class='ocrx_word' id='word_1_59' title='bbox 2497 939 2502 943; x_wconf 64' lang='grc'><strong><em>’</em></strong></span> 
     </span>
     <span class='ocr_line' id='line_1_8' title="bbox 347 1004 2407 1082; baseline -0.001 -17"><span class='ocrx_word' id='word_1_60' title='bbox 347 1018 566 1065; x_wconf 89' lang='lat' dir='ltr'><strong>motum</strong></span> <span class='ocrx_word' id='word_1_61' title='bbox 596 1007 892 1080; x_wconf 85' lang='lat' dir='ltr'><strong>haberent,</strong></span> <span class='ocrx_word' id='word_1_62' title='bbox 923 1007 995 1064; x_wconf 92' lang='lat' dir='ltr'><strong>ad</strong></span> <span class='ocrx_word' id='word_1_63' title='bbox 1022 1018 1226 1065; x_wconf 91' lang='lat' dir='ltr'><strong>nutum</strong></span> <span class='ocrx_word' id='word_1_64' title='bbox 1257 1017 1317 1065; x_wconf 90' lang='lat' dir='ltr'><strong>et</strong></span> <span class='ocrx_word' id='word_1_65' title='bbox 1345 1007 1417 1064; x_wconf 91' lang='lat' dir='ltr'><strong>ad</strong></span> <span class='ocrx_word' id='word_1_66' title='bbox 1445 1017 1671 1082; x_wconf 88' lang='lat' dir='ltr'><strong>tempus</strong></span> <span class='ocrx_word' id='word_1_67' title='bbox 1712 1004 1914 1063; x_wconf 80' lang='lat' dir='ltr'><strong>omne&#39;s</strong></span> <span class='ocrx_word' id='word_1_68' title='bbox 1952 1024 2046 1064; x_wconf 90' lang='lat' dir='ltr'><strong>res</strong></span> <span class='ocrx_word' id='word_1_69' title='bbox 2088 1006 2161 1063; x_wconf 89' lang='lat' dir='ltr'><strong>ab</strong></span> <span class='ocrx_word' id='word_1_70' title='bbox 2202 1005 2274 1063; x_wconf 89' lang='lat' dir='ltr'><strong>iis</strong></span> <span class='ocrx_word' id='word_1_71' title='bbox 2313 1005 2407 1062; x_wconf 87' lang='lat' dir='ltr'><strong>ad-</strong></span> 
     </span>
     <span class='ocr_line' id='line_1_9' title="bbox 348 1098 2406 1173; baseline -0.001 -17"><span class='ocrx_word' id='word_1_72' title='bbox 348 1098 822 1157; x_wconf 85' lang='lat' dir='ltr'><strong>ministrarentur.</strong></span> <span class='ocrx_word' id='word_1_73' title='bbox 908 1099 1020 1156; x_wconf 90' lang='lat' dir='ltr'><strong>His</strong></span> <span class='ocrx_word' id='word_1_74' title='bbox 1047 1099 1317 1171; x_wconf 76' lang='lat' dir='ltr'><strong>dimissiS,</strong></span> <span class='ocrx_word' id='word_1_75' title='bbox 1347 1108 1405 1156; x_wconf 89' lang='lat' dir='ltr'><strong>et</strong></span> <span class='ocrx_word' id='word_1_76' title='bbox 1432 1108 1666 1156; x_wconf 84' lang='lat' dir='ltr'><strong>ventum</strong></span> <span class='ocrx_word' id='word_1_77' title='bbox 1692 1108 1751 1156; x_wconf 92' lang='lat' dir='ltr'><strong>et</strong></span> <span class='ocrx_word' id='word_1_78' title='bbox 1778 1108 1979 1155; x_wconf 80' lang='lat' dir='ltr'><strong>aestum</strong></span> <span class='ocrx_word' id='word_1_79' title='bbox 2006 1108 2125 1154; x_wconf 72' lang='lat' dir='ltr'><strong>uno·</strong></span> <span class='ocrx_word' id='word_1_80' title='bbox 2150 1108 2406 1173; x_wconf 85' lang='lat' dir='ltr'><strong>tempore</strong></span> 
     </span>
     <span class='ocr_line' id='line_1_10' title="bbox 347 1189 2407 1268; baseline -0 -20"><span class='ocrx_word' id='word_1_81' title='bbox 347 1202 554 1248; x_wconf 90' lang='lat' dir='ltr'><strong>nactus</strong></span> <span class='ocrx_word' id='word_1_82' title='bbox 581 1191 920 1263; x_wconf 89' lang='lat' dir='ltr'><strong>secundum,</strong></span> <span class='ocrx_word' id='word_1_83' title='bbox 950 1191 1086 1248; x_wconf 91' lang='lat' dir='ltr'><strong>dato</strong></span> <span class='ocrx_word' id='word_1_84' title='bbox 1112 1191 1280 1268; x_wconf 90' lang='lat' dir='ltr'><strong>signo</strong></span> <span class='ocrx_word' id='word_1_85' title='bbox 1308 1201 1366 1248; x_wconf 90' lang='lat' dir='ltr'><strong>et</strong></span> <span class='ocrx_word' id='word_1_86' title='bbox 1394 1190 1633 1247; x_wconf 90' lang='lat' dir='ltr'><strong>sublatis</strong></span> <span class='ocrx_word' id='word_1_87' title='bbox 1677 1189 1922 1261; x_wconf 92' lang='lat' dir='ltr'><strong>ancoris,</strong></span> <span class='ocrx_word' id='word_1_88' title='bbox 1953 1189 2184 1247; x_wconf 79' lang='lat' dir='ltr'><strong>circiter</strong></span> <span class='ocrx_word' id='word_1_89' title='bbox 2226 1189 2407 1247; x_wconf 80' lang='lat' dir='ltr'><strong>millia</strong></span> 
     </span>
     <span class='ocr_line' id='line_1_11' title="bbox 347 1258 2500 1358; baseline -0.003 -19"><span class='ocrx_word' id='word_1_90' title='bbox 347 1301 618 1357; x_wconf 85' lang='lat' dir='ltr'><strong>passuum</strong></span> <span class='ocrx_word' id='word_1_91' title='bbox 644 1281 762 1340; x_wconf 93' lang='lat' dir='ltr'><strong>VII</strong></span> <span class='ocrx_word' id='word_1_92' title='bbox 793 1283 864 1340; x_wconf 89' lang='lat' dir='ltr'><strong>ab</strong></span> <span class='ocrx_word' id='word_1_93' title='bbox 891 1302 962 1340; x_wconf 95' lang='lat' dir='ltr'><strong>eo</strong></span> <span class='ocrx_word' id='word_1_94' title='bbox 987 1283 1118 1340; x_wconf 93' lang='lat' dir='ltr'><strong>loco</strong></span> <span class='ocrx_word' id='word_1_95' title='bbox 1143 1300 1497 1358; x_wconf 79' lang='lat' dir='ltr'><strong>progressuS,</strong></span> <span class='ocrx_word' id='word_1_96' title='bbox 1523 1292 1718 1357; x_wconf 89' lang='lat' dir='ltr'><strong>aperto</strong></span> <span class='ocrx_word' id='word_1_97' title='bbox 1746 1299 1814 1338; x_wconf 90' lang='lat' dir='ltr'><strong>ac</strong></span> <span class='ocrx_word' id='word_1_98' title='bbox 1839 1281 2013 1356; x_wconf 83' lang='lat' dir='ltr'><strong>plano</strong></span> <span class='ocrx_word' id='word_1_99' title='bbox 2036 1280 2204 1337; x_wconf 89' lang='lat' dir='ltr'><strong>litore</strong></span> <span class='ocrx_word' id='word_1_100' title='bbox 2232 1298 2407 1338; x_wconf 85' lang='lat' dir='ltr'><strong>naves</strong></span> <span class='ocrx_word' id='word_1_101' title='bbox 2439 1258 2500 1333; x_wconf 61' lang='lat'><strong>&gt;4</strong></span> 
     </span>
     <span class='ocr_line' id='line_1_12' title="bbox 348 1374 662 1432; baseline 0 0"><span class='ocrx_word' id='word_1_102' title='bbox 348 1374 662 1432; x_wconf 86' lang='lat' dir='ltr'><strong>constituit.</strong></span> 
     </span>
    </p>

    <p class='ocr_par' dir='ltr' id='par_1_3' title="bbox 348 1463 2406 1632">
     <span class='ocr_line' id='line_1_13' title="bbox 426 1463 2406 1540; baseline -0.001 -17"><span class='ocrx_word' id='word_1_103' title='bbox 426 1465 654 1524; x_wconf 88' lang='lat' dir='ltr'>XXIV.</span> <span class='ocrx_word' id='word_1_104' title='bbox 713 1466 795 1523; x_wconf 92' lang='lat' dir='ltr'><strong>At</strong></span> <span class='ocrx_word' id='word_1_105' title='bbox 822 1464 1069 1536; x_wconf 86' lang='lat' dir='ltr'><strong>barbari,</strong></span> <span class='ocrx_word' id='word_1_106' title='bbox 1099 1465 1342 1522; x_wconf 91' lang='lat' dir='ltr'><strong>consilio</strong></span> <span class='ocrx_word' id='word_1_107' title='bbox 1383 1465 1784 1521; x_wconf 85' lang='lat' dir='ltr'><strong>Romanorum</strong></span> <span class='ocrx_word' id='word_1_108' title='bbox 1825 1463 2079 1540; x_wconf 89' lang='lat' dir='ltr'><strong>cognit0‚</strong></span> <span class='ocrx_word' id='word_1_109' title='bbox 2108 1463 2406 1538; x_wconf 83' lang='lat' dir='ltr'><strong>praemisso</strong></span> 
     </span>
     <span class='ocr_line' id='line_1_14' title="bbox 348 1554 2405 1632; baseline -0.001 -17"><span class='ocrx_word' id='word_1_110' title='bbox 348 1558 605 1632; x_wconf 87' lang='lat' dir='ltr'><strong>equitatu</strong></span> <span class='ocrx_word' id='word_1_111' title='bbox 637 1568 694 1615; x_wconf 91' lang='lat' dir='ltr'><strong>et</strong></span> <span class='ocrx_word' id='word_1_112' title='bbox 723 1558 1044 1627; x_wconf 81' lang='lat' dir='ltr'><strong>essedariis,</strong></span> <span class='ocrx_word' id='word_1_113' title='bbox 1075 1576 1189 1632; x_wconf 93' lang='lat' dir='ltr'><strong>quo</strong></span> <span class='ocrx_word' id='word_1_114' title='bbox 1213 1554 1564 1632; x_wconf 72' lang='lat' dir='ltr'><strong>plerumque</strong></span> <span class='ocrx_word' id='word_1_115' title='bbox 1581 1574 1794 1632; x_wconf 86' lang='lat' dir='ltr'><strong>genere</strong></span> <span class='ocrx_word' id='word_1_116' title='bbox 1822 1555 1882 1611; x_wconf 93' lang='lat' dir='ltr'><strong>in</strong></span> <span class='ocrx_word' id='word_1_117' title='bbox 1909 1555 2126 1630; x_wconf 81' lang='lat' dir='ltr'><strong>ptoeliis</strong></span> <span class='ocrx_word' id='word_1_118' title='bbox 2156 1556 2240 1612; x_wconf 91' lang='lat' dir='ltr'><strong>uti</strong></span> <span class='ocrx_word' id='word_1_119' title='bbox 2270 1574 2405 1613; x_wconf 90' lang='lat' dir='ltr'><strong>con-</strong></span> 
     </span>
    </p>
   </div>
   <div class='ocr_carea' id='block_1_3' title="bbox 257 1638 2502 1723">
    <p class='ocr_par' dir='ltr' id='par_1_4' title="bbox 257 1638 2502 1723">
     <span class='ocr_line' id='line_1_15' title="bbox 257 1638 2502 1723; baseline -0.001 -18"><span class='ocrx_word' id='word_1_120' title='bbox 257 1638 272 1653; x_wconf 76' lang='grc'><em>“</em></span> <span class='ocrx_word' id='word_1_121' title='bbox 349 1647 609 1719; x_wconf 71' lang='lat' dir='ltr'><strong>suerunt,</strong></span> <span class='ocrx_word' id='word_1_122' title='bbox 639 1649 873 1722; x_wconf 90' lang='lat' dir='ltr'><strong>reliquis</strong></span> <span class='ocrx_word' id='word_1_123' title='bbox 916 1649 1097 1723; x_wconf 85' lang='lat' dir='ltr'><strong>copiis</strong></span> <span class='ocrx_word' id='word_1_124' title='bbox 1139 1647 1452 1719; x_wconf 81' lang='lat' dir='ltr'><strong>subsecuti,</strong></span> <span class='ocrx_word' id='word_1_125' title='bbox 1481 1659 1705 1704; x_wconf 90' lang='lat' dir='ltr'><strong>nostros</strong></span> <span class='ocrx_word' id='word_1_126' title='bbox 1747 1647 1989 1703; x_wconf 88' lang='lat' dir='ltr'><strong>navibus</strong></span> <span class='ocrx_word' id='word_1_127' title='bbox 2034 1647 2233 1723; x_wconf 86' lang='lat' dir='ltr'><strong>egredi</strong></span> <span class='ocrx_word' id='word_1_128' title='bbox 2278 1665 2406 1723; x_wconf 90' lang='lat' dir='ltr'><strong>pro-</strong></span> <span class='ocrx_word' id='word_1_129' title='bbox 2496 1714 2502 1722; x_wconf 94' lang='lat'>.</span> 
     </span>
    </p>
   </div>
   <div class='ocr_carea' id='block_1_4' title="bbox 280 1737 2500 3831">
    <p class='ocr_par' dir='ltr' id='par_1_5' title="bbox 347 1737 2470 2722">
     <span class='ocr_line' id='line_1_16' title="bbox 349 1737 2405 1812; baseline -0 -16"><span class='ocrx_word' id='word_1_130' title='bbox 349 1739 639 1797; x_wconf 80' lang='lat' dir='ltr'><strong>bibebant.</strong></span> <span class='ocrx_word' id='word_1_131' title='bbox 725 1740 865 1797; x_wconf 88' lang='lat' dir='ltr'><strong>Erat</strong></span> <span class='ocrx_word' id='word_1_132' title='bbox 892 1739 966 1796; x_wconf 94' lang='lat' dir='ltr'><strong>ob</strong></span> <span class='ocrx_word' id='word_1_133' title='bbox 1009 1741 1111 1796; x_wconf 91' lang='lat' dir='ltr'><strong>has</strong></span> <span class='ocrx_word' id='word_1_134' title='bbox 1160 1759 1366 1796; x_wconf 85' lang='lat' dir='ltr'><strong>causas</strong></span> <span class='ocrx_word' id='word_1_135' title='bbox 1410 1758 1632 1796; x_wconf 88' lang='lat' dir='ltr'><strong>summa</strong></span> <span class='ocrx_word' id='word_1_136' title='bbox 1678 1738 2005 1809; x_wconf 76' lang='lat' dir='ltr'><strong>difficultaS,</strong></span> <span class='ocrx_word' id='word_1_137' title='bbox 2035 1737 2189 1812; x_wconf 78' lang='lat' dir='ltr'><strong>quod</strong></span> <span class='ocrx_word' id='word_1_138' title='bbox 2230 1757 2405 1796; x_wconf 86' lang='lat' dir='ltr'><strong>naves</strong></span> 
     </span>
     <span class='ocr_line' id='line_1_17' title="bbox 347 1830 2406 1908; baseline 0 -22"><span class='ocrx_word' id='word_1_139' title='bbox 347 1844 576 1907; x_wconf 88' lang='lat' dir='ltr'><strong>propter</strong></span> <span class='ocrx_word' id='word_1_140' title='bbox 605 1831 1057 1908; x_wconf 87' lang='lat' dir='ltr'><strong>magnitudinem</strong></span> <span class='ocrx_word' id='word_1_141' title='bbox 1088 1831 1200 1888; x_wconf 87' lang='lat' dir='ltr'><strong>nisi</strong></span> <span class='ocrx_word' id='word_1_142' title='bbox 1238 1832 1296 1888; x_wconf 93' lang='lat' dir='ltr'><strong>in</strong></span> <span class='ocrx_word' id='word_1_143' title='bbox 1341 1831 1455 1888; x_wconf 90' lang='lat' dir='ltr'><strong>alto</strong></span> <span class='ocrx_word' id='word_1_144' title='bbox 1492 1830 1764 1888; x_wconf 85' lang='lat' dir='ltr'><strong>constitui</strong></span> <span class='ocrx_word' id='word_1_145' title='bbox 1804 1849 1920 1887; x_wconf 93' lang='lat' dir='ltr'><strong>non</strong></span> <span class='ocrx_word' id='word_1_146' title='bbox 1960 1839 2258 1905; x_wconf 83' lang='lat' dir='ltr'><strong>poterant3</strong></span> <span class='ocrx_word' id='word_1_147' title='bbox 2302 1830 2406 1887; x_wconf 91' lang='lat' dir='ltr'><strong>mi-</strong></span> 
     </span>
     <span class='ocr_line' id='line_1_18' title="bbox 351 1921 2404 1999; baseline 0 -20"><span class='ocrx_word' id='word_1_148' title='bbox 351 1922 550 1980; x_wconf 91' lang='lat' dir='ltr'><strong>litibus</strong></span> <span class='ocrx_word' id='word_1_149' title='bbox 592 1934 801 1994; x_wconf 90' lang='lat' dir='ltr'><strong>autem,</strong></span> <span class='ocrx_word' id='word_1_150' title='bbox 833 1923 1043 1999; x_wconf 87' lang='lat' dir='ltr'><strong>ignotis</strong></span> <span class='ocrx_word' id='word_1_151' title='bbox 1083 1923 1246 1994; x_wconf 79' lang='lat' dir='ltr'><strong>lociS‚</strong></span> <span class='ocrx_word' id='word_1_152' title='bbox 1279 1922 1567 1997; x_wconf 87' lang='lat' dir='ltr'><strong>impeditis</strong></span> <span class='ocrx_word' id='word_1_153' title='bbox 1596 1922 1879 1993; x_wconf 91' lang='lat' dir='ltr'><strong>manibus,</strong></span> <span class='ocrx_word' id='word_1_154' title='bbox 1908 1940 2119 1998; x_wconf 89' lang='lat' dir='ltr'><strong>magno</strong></span> <span class='ocrx_word' id='word_1_155' title='bbox 2147 1931 2205 1978; x_wconf 88' lang='lat' dir='ltr'><strong>et</strong></span> <span class='ocrx_word' id='word_1_156' title='bbox 2245 1921 2404 1998; x_wconf 87' lang='lat' dir='ltr'><strong>gravi</strong></span> 
     </span>
     <span class='ocr_line' id='line_1_19' title="bbox 352 2012 2405 2090; baseline 0 -20"><span class='ocrx_word' id='word_1_157' title='bbox 352 2032 636 2071; x_wconf 91' lang='lat' dir='ltr'><strong>armorum</strong></span> <span class='ocrx_word' id='word_1_158' title='bbox 665 2033 855 2071; x_wconf 84' lang='lat' dir='ltr'><strong>onere·</strong></span> <span class='ocrx_word' id='word_1_159' title='bbox 879 2015 1183 2090; x_wconf 86' lang='lat' dir='ltr'><strong>oppressis,</strong></span> <span class='ocrx_word' id='word_1_160' title='bbox 1213 2015 1381 2071; x_wconf 90' lang='lat' dir='ltr'><strong>simul</strong></span> <span class='ocrx_word' id='word_1_161' title='bbox 1425 2024 1482 2071; x_wconf 89' lang='lat' dir='ltr'><strong>et</strong></span> <span class='ocrx_word' id='word_1_162' title='bbox 1522 2014 1595 2071; x_wconf 89' lang='lat' dir='ltr'><strong>de</strong></span> <span class='ocrx_word' id='word_1_163' title='bbox 1638 2013 1877 2069; x_wconf 86' lang='lat' dir='ltr'><strong>navibus</strong></span> <span class='ocrx_word' id='word_1_164' title='bbox 1917 2012 2317 2084; x_wconf 89' lang='lat' dir='ltr'><strong>desiliendum,</strong></span> <span class='ocrx_word' id='word_1_165' title='bbox 2346 2024 2405 2070; x_wconf 92' lang='lat' dir='ltr'><strong>et</strong></span> 
     </span>
     <span class='ocr_line' id='line_1_20' title="bbox 351 2103 2401 2180; baseline -0 -17"><span class='ocrx_word' id='word_1_166' title='bbox 351 2105 410 2163; x_wconf 90' lang='lat' dir='ltr'><strong>in</strong></span> <span class='ocrx_word' id='word_1_167' title='bbox 440 2104 710 2163; x_wconf 90' lang='lat' dir='ltr'><strong>fluctibus</strong></span> <span class='ocrx_word' id='word_1_168' title='bbox 758 2106 1208 2175; x_wconf 89' lang='lat' dir='ltr'><strong>consistendum,</strong></span> <span class='ocrx_word' id='word_1_169' title='bbox 1239 2115 1298 2162; x_wconf 91' lang='lat' dir='ltr'><strong>et</strong></span> <span class='ocrx_word' id='word_1_170' title='bbox 1341 2124 1474 2162; x_wconf 91' lang='lat' dir='ltr'><strong>cum</strong></span> <span class='ocrx_word' id='word_1_171' title='bbox 1519 2104 1778 2162; x_wconf 90' lang='lat' dir='ltr'><strong>hostibus</strong></span> <span class='ocrx_word' id='word_1_172' title='bbox 1825 2114 1945 2161; x_wconf 88' lang='lat' dir='ltr'><strong>erat</strong></span> <span class='ocrx_word' id='word_1_173' title='bbox 1989 2103 2401 2180; x_wconf 85' lang='lat' dir='ltr'><strong>pugnandum:</strong></span> 
     </span>
     <span class='ocr_line' id='line_1_21' title="bbox 351 2195 2405 2273; baseline 0 -20"><span class='ocrx_word' id='word_1_174' title='bbox 351 2216 527 2272; x_wconf 89' lang='lat' dir='ltr'><strong>quum</strong></span> <span class='ocrx_word' id='word_1_175' title='bbox 559 2199 641 2255; x_wconf 90' lang='lat' dir='ltr'><strong>illi</strong></span> <span class='ocrx_word' id='word_1_176' title='bbox 673 2209 769 2255; x_wconf 89' lang='lat' dir='ltr'><strong>aut</strong></span> <span class='ocrx_word' id='word_1_177' title='bbox 796 2218 867 2255; x_wconf 87' lang='lat' dir='ltr'><strong>ex</strong></span> <span class='ocrx_word' id='word_1_178' title='bbox 896 2198 1073 2269; x_wconf 90' lang='lat' dir='ltr'><strong>arido,</strong></span> <span class='ocrx_word' id='word_1_179' title='bbox 1106 2208 1202 2255; x_wconf 89' lang='lat' dir='ltr'><strong>aut</strong></span> <span class='ocrx_word' id='word_1_180' title='bbox 1227 2197 1525 2273; x_wconf 75' lang='lat' dir='ltr'><strong>paululum</strong></span> <span class='ocrx_word' id='word_1_181' title='bbox 1557 2198 1616 2254; x_wconf 91' lang='lat' dir='ltr'><strong>in</strong></span> <span class='ocrx_word' id='word_1_182' title='bbox 1647 2216 1850 2271; x_wconf 85' lang='lat' dir='ltr'><strong>aquarn</strong></span> <span class='ocrx_word' id='word_1_183' title='bbox 1889 2195 2195 2273; x_wconf 88' lang='lat' dir='ltr'><strong>progressi,</strong></span> <span class='ocrx_word' id='word_1_184' title='bbox 2224 2197 2405 2254; x_wconf 89' lang='lat' dir='ltr'><strong>omni-</strong></span> 
     </span>
     <span class='ocr_line' id='line_1_22' title="bbox 351 2288 2470 2367; baseline -0.001 -21"><span class='ocrx_word' id='word_1_185' title='bbox 351 2289 457 2346; x_wconf 89' lang='lat' dir='ltr'><strong>bus</strong></span> <span class='ocrx_word' id='word_1_186' title='bbox 484 2289 756 2347; x_wconf 88' lang='lat' dir='ltr'><strong>membris</strong></span> <span class='ocrx_word' id='word_1_187' title='bbox 784 2290 1052 2365; x_wconf 86' lang='lat' dir='ltr'><strong>expediti,</strong></span> <span class='ocrx_word' id='word_1_188' title='bbox 1083 2290 1395 2346; x_wconf 85' lang='lat' dir='ltr'><strong>notissimis</strong></span> <span class='ocrx_word' id='word_1_189' title='bbox 1422 2289 1568 2346; x_wconf 90' lang='lat' dir='ltr'><strong>locis</strong></span> <span class='ocrx_word' id='word_1_190' title='bbox 1591 2288 1859 2345; x_wconf 86' lang='lat' dir='ltr'><strong>audacter</strong></span> <span class='ocrx_word' id='word_1_191' title='bbox 1887 2288 2001 2345; x_wconf 89' lang='lat' dir='ltr'><strong>tela</strong></span> <span class='ocrx_word' id='word_1_192' title='bbox 2030 2288 2400 2367; x_wconf 88' lang='lat' dir='ltr'><strong>conjicerent,</strong></span> <span class='ocrx_word' id='word_1_193' title='bbox 2463 2310 2470 2315; x_wconf 91' lang='lat'><strong>·</strong></span> 
     </span>
     <span class='ocr_line' id='line_1_23' title="bbox 349 2380 2400 2457; baseline -0 -19"><span class='ocrx_word' id='word_1_194' title='bbox 349 2392 407 2439; x_wconf 91' lang='lat' dir='ltr'><strong>et</strong></span> <span class='ocrx_word' id='word_1_195' title='bbox 434 2401 610 2457; x_wconf 89' lang='lat' dir='ltr'><strong>equos</strong></span> <span class='ocrx_word' id='word_1_196' title='bbox 638 2383 989 2440; x_wconf 86' lang='lat' dir='ltr'><strong>insuefactos</strong></span> <span class='ocrx_word' id='word_1_197' title='bbox 1015 2382 1338 2439; x_wconf 89' lang='lat' dir='ltr'><strong>incitarent.</strong></span> <span class='ocrx_word' id='word_1_198' title='bbox 1419 2380 1657 2442; x_wconf 79' lang='lat' dir='ltr'><strong>Quibus</strong></span> <span class='ocrx_word' id='word_1_199' title='bbox 1685 2380 1855 2436; x_wconf 91' lang='lat' dir='ltr'><strong>rebus</strong></span> <span class='ocrx_word' id='word_1_200' title='bbox 1890 2380 2068 2437; x_wconf 91' lang='lat' dir='ltr'><strong>nostri</strong></span> <span class='ocrx_word' id='word_1_201' title='bbox 2095 2380 2400 2455; x_wconf 88' lang='lat' dir='ltr'><strong>perterriti,</strong></span> 
     </span>
     <span class='ocr_line' id='line_1_24' title="bbox 350 2471 2403 2551; baseline -0 -21"><span class='ocrx_word' id='word_1_202' title='bbox 350 2483 520 2548; x_wconf 89' lang='lat' dir='ltr'><strong>atque</strong></span> <span class='ocrx_word' id='word_1_203' title='bbox 547 2474 716 2551; x_wconf 92' lang='lat' dir='ltr'><strong>hujus</strong></span> <span class='ocrx_word' id='word_1_204' title='bbox 742 2475 980 2531; x_wconf 89' lang='lat' dir='ltr'><strong>omnino</strong></span> <span class='ocrx_word' id='word_1_205' title='bbox 1005 2472 1233 2551; x_wconf 88' lang='lat' dir='ltr'><strong>generis</strong></span> <span class='ocrx_word' id='word_1_206' title='bbox 1258 2486 1490 2549; x_wconf 60' lang='lat' dir='ltr'><strong>pugnas*</strong></span> <span class='ocrx_word' id='word_1_207' title='bbox 1507 2471 1773 2547; x_wconf 89' lang='lat' dir='ltr'><strong>imperiti,</strong></span> <span class='ocrx_word' id='word_1_208' title='bbox 1802 2490 1920 2528; x_wconf 92' lang='lat' dir='ltr'><strong>non</strong></span> <span class='ocrx_word' id='word_1_209' title='bbox 1959 2471 2163 2528; x_wconf 70' lang='lat' dir='ltr'><strong>eadem</strong></span> <span class='ocrx_word' id='word_1_210' title='bbox 2206 2471 2403 2529; x_wconf 85' lang='lat' dir='ltr'><strong>alacri-</strong></span> 
     </span>
     <span class='ocr_line' id='line_1_25' title="bbox 347 2558 2398 2641; baseline -0 -19"><span class='ocrx_word' id='word_1_211' title='bbox 347 2575 465 2623; x_wconf 87' lang='lat' dir='ltr'><strong>tate</strong></span> <span class='ocrx_word' id='word_1_212' title='bbox 521 2584 589 2623; x_wconf 90' lang='lat' dir='ltr'><strong>ac</strong></span> <span class='ocrx_word' id='word_1_213' title='bbox 643 2566 853 2638; x_wconf 88' lang='lat' dir='ltr'><strong>studio,</strong></span> <span class='ocrx_word' id='word_1_214' title='bbox 897 2585 1012 2641; x_wconf 93' lang='lat' dir='ltr'><strong>quo</strong></span> <span class='ocrx_word' id='word_1_215' title='bbox 1057 2566 1116 2623; x_wconf 93' lang='lat' dir='ltr'><strong>in</strong></span> <span class='ocrx_word' id='word_1_216' title='bbox 1163 2564 1520 2641; x_wconf 84' lang='lat' dir='ltr'><strong>pedestribus</strong></span> <span class='ocrx_word' id='word_1_217' title='bbox 1575 2564 1658 2620; x_wconf 90' lang='lat' dir='ltr'><strong>uti</strong></span> <span class='ocrx_word' id='word_1_218' title='bbox 1710 2558 1928 2639; x_wconf 84' lang='lat' dir='ltr'><strong>proeliis</strong></span> <span class='ocrx_word' id='word_1_219' title='bbox 1967 2573 2398 2633; x_wconf 87' lang='lat' dir='ltr'><strong>consueverant,</strong></span> 
     </span>
     <span class='ocr_line' id='line_1_26' title="bbox 348 2657 670 2722; baseline 0.003 -8"><span class='ocrx_word' id='word_1_220' title='bbox 348 2657 670 2722; x_wconf 77' lang='lat' dir='ltr'><strong>utebantur.</strong></span> 
     </span>
    </p>

    <p class='ocr_par' dir='ltr' id='par_1_6' title="bbox 280 2746 2500 3831">
     <span class='ocr_line' id='line_1_27' title="bbox 427 2746 2397 2824; baseline 0 -20"><span class='ocrx_word' id='word_1_221' title='bbox 427 2747 624 2806; x_wconf 88' lang='lat' dir='ltr'>XXV.</span> <span class='ocrx_word' id='word_1_222' title='bbox 677 2747 859 2809; x_wconf 78' lang='lat' dir='ltr'><strong>Quod</strong></span> <span class='ocrx_word' id='word_1_223' title='bbox 888 2748 986 2805; x_wconf 90' lang='lat' dir='ltr'><strong>ubi</strong></span> <span class='ocrx_word' id='word_1_224' title='bbox 1016 2748 1210 2805; x_wconf 83' lang='lat' dir='ltr'><strong>Caesar</strong></span> <span class='ocrx_word' id='word_1_225' title='bbox 1249 2746 1665 2819; x_wconf 87' lang='lat' dir='ltr'><strong>animadvertit,</strong></span> <span class='ocrx_word' id='word_1_226' title='bbox 1695 2765 1870 2804; x_wconf 84' lang='lat' dir='ltr'><strong>naves</strong></span> <span class='ocrx_word' id='word_1_227' title='bbox 1908 2747 2130 2824; x_wconf 80' lang='lat' dir='ltr'><strong>longaS,</strong></span> <span class='ocrx_word' id='word_1_228' title='bbox 2160 2766 2397 2821; x_wconf 89' lang='lat' dir='ltr'><strong>quarum</strong></span> 
     </span>
     <span class='ocr_line' id='line_1_28' title="bbox 348 2837 2396 2914; baseline -0.002 -17"><span class='ocrx_word' id='word_1_229' title='bbox 348 2849 406 2897; x_wconf 89' lang='lat' dir='ltr'><strong>et</strong></span> <span class='ocrx_word' id='word_1_230' title='bbox 433 2840 654 2914; x_wconf 88' lang='lat' dir='ltr'><strong>species</strong></span> <span class='ocrx_word' id='word_1_231' title='bbox 681 2850 803 2897; x_wconf 89' lang='lat' dir='ltr'><strong>erat</strong></span> <span class='ocrx_word' id='word_1_232' title='bbox 829 2840 1085 2897; x_wconf 89' lang='lat' dir='ltr'><strong>barbaris</strong></span> <span class='ocrx_word' id='word_1_233' title='bbox 1114 2839 1458 2910; x_wconf 89' lang='lat' dir='ltr'><strong>inusitatior,</strong></span> <span class='ocrx_word' id='word_1_234' title='bbox 1481 2848 1538 2895; x_wconf 92' lang='lat' dir='ltr'><strong>et</strong></span> <span class='ocrx_word' id='word_1_235' title='bbox 1566 2849 1755 2895; x_wconf 90' lang='lat' dir='ltr'><strong>motus</strong></span> <span class='ocrx_word' id='word_1_236' title='bbox 1778 2838 1848 2894; x_wconf 91' lang='lat' dir='ltr'><strong>ad</strong></span> <span class='ocrx_word' id='word_1_237' title='bbox 1876 2857 2043 2894; x_wconf 90' lang='lat' dir='ltr'><strong>usum</strong></span> <span class='ocrx_word' id='word_1_238' title='bbox 2065 2837 2396 2913; x_wconf 84' lang='lat' dir='ltr'><strong>expeditior,</strong></span> 
     </span>
     <span class='ocr_line' id='line_1_29' title="bbox 346 2928 2398 3005; baseline -0 -19"><span class='ocrx_word' id='word_1_239' title='bbox 346 2929 582 3005; x_wconf 72' lang='lat' dir='ltr'><strong>paulum</strong></span> <span class='ocrx_word' id='word_1_240' title='bbox 612 2931 889 2988; x_wconf 86' lang='lat' dir='ltr'><strong>removeri</strong></span> <span class='ocrx_word' id='word_1_241' title='bbox 920 2932 990 2987; x_wconf 92' lang='lat' dir='ltr'><strong>ab</strong></span> <span class='ocrx_word' id='word_1_242' title='bbox 1030 2930 1307 2987; x_wconf 89' lang='lat' dir='ltr'><strong>onerariis</strong></span> <span class='ocrx_word' id='word_1_243' title='bbox 1348 2930 1591 2987; x_wconf 90' lang='lat' dir='ltr'><strong>navibus</strong></span> <span class='ocrx_word' id='word_1_244' title='bbox 1637 2939 1695 2987; x_wconf 89' lang='lat' dir='ltr'><strong>et</strong></span> <span class='ocrx_word' id='word_1_245' title='bbox 1737 2929 1909 2986; x_wconf 89' lang='lat' dir='ltr'><strong>remis</strong></span> <span class='ocrx_word' id='word_1_246' title='bbox 1954 2928 2182 2986; x_wconf 88' lang='lat' dir='ltr'><strong>incitari</strong></span> <span class='ocrx_word' id='word_1_247' title='bbox 2231 2938 2288 2985; x_wconf 91' lang='lat' dir='ltr'><strong>et</strong></span> <span class='ocrx_word' id='word_1_248' title='bbox 2330 2928 2398 2985; x_wconf 89' lang='lat' dir='ltr'><strong>ad</strong></span> 
     </span>
     <span class='ocr_line' id='line_1_30' title="bbox 347 3019 2500 3098; baseline -0 -20"><span class='ocrx_word' id='word_1_249' title='bbox 347 3021 496 3078; x_wconf 89' lang='lat' dir='ltr'><strong>latus</strong></span> <span class='ocrx_word' id='word_1_250' title='bbox 553 3034 809 3098; x_wconf 89' lang='lat' dir='ltr'><strong>apertum</strong></span> <span class='ocrx_word' id='word_1_251' title='bbox 861 3022 1110 3079; x_wconf 89' lang='lat' dir='ltr'><strong>hostiurn</strong></span> <span class='ocrx_word' id='word_1_252' title='bbox 1167 3020 1460 3093; x_wconf 90' lang='lat' dir='ltr'><strong>constitui,</strong></span> <span class='ocrx_word' id='word_1_253' title='bbox 1502 3031 1672 3095; x_wconf 91' lang='lat' dir='ltr'><strong>atque</strong></span> <span class='ocrx_word' id='word_1_254' title='bbox 1715 3020 1850 3078; x_wconf 90' lang='lat' dir='ltr'><strong>inde</strong></span> <span class='ocrx_word' id='word_1_255' title='bbox 1904 3019 2114 3091; x_wconf 88' lang='lat' dir='ltr'><strong>fundis,</strong></span> <span class='ocrx_word' id='word_1_256' title='bbox 2158 3019 2397 3095; x_wconf 78' lang='lat' dir='ltr'><strong>sagittiS‚</strong></span> <span class='ocrx_word' id='word_1_257' title='bbox 2494 3043 2500 3048; x_wconf 86' lang='grc'><strong><em>·</em></strong></span> 
     </span>
     <span class='ocr_line' id='line_1_31' title="bbox 347 3112 2400 3189; baseline -0.001 -20"><span class='ocrx_word' id='word_1_258' title='bbox 347 3115 664 3184; x_wconf 90' lang='lat' dir='ltr'><strong>tormentis,</strong></span> <span class='ocrx_word' id='word_1_259' title='bbox 694 3114 886 3171; x_wconf 89' lang='lat' dir='ltr'><strong>hostes</strong></span> <span class='ocrx_word' id='word_1_260' title='bbox 911 3112 1151 3189; x_wconf 90' lang='lat' dir='ltr'><strong>propelli</strong></span> <span class='ocrx_word' id='word_1_261' title='bbox 1181 3131 1248 3170; x_wconf 90' lang='lat' dir='ltr'><strong>ac</strong></span> <span class='ocrx_word' id='word_1_262' title='bbox 1285 3112 1607 3170; x_wconf 90' lang='lat' dir='ltr'><strong>submoveri</strong></span> <span class='ocrx_word' id='word_1_263' title='bbox 1643 3112 1849 3187; x_wconf 87' lang='lat' dir='ltr'><strong>jussit:</strong></span> <span class='ocrx_word' id='word_1_264' title='bbox 1894 3130 2020 3186; x_wconf 84' lang='lat' dir='ltr'><strong>quae</strong></span> <span class='ocrx_word' id='word_1_265' title='bbox 2060 3129 2151 3168; x_wconf 91' lang='lat' dir='ltr'><strong>res</strong></span> <span class='ocrx_word' id='word_1_266' title='bbox 2190 3130 2400 3189; x_wconf 89' lang='lat' dir='ltr'><strong>magno</strong></span> 
     </span>
     <span class='ocr_line' id='line_1_32' title="bbox 348 3197 2400 3280; baseline 0 -20"><span class='ocrx_word' id='word_1_267' title='bbox 348 3203 478 3261; x_wconf 93' lang='lat' dir='ltr'><strong>usui</strong></span> <span class='ocrx_word' id='word_1_268' title='bbox 506 3207 715 3263; x_wconf 90' lang='lat' dir='ltr'><strong>nostris</strong></span> <span class='ocrx_word' id='word_1_269' title='bbox 743 3205 865 3278; x_wconf 64' lang='lat' dir='ltr'><strong>fuit.</strong></span> <span class='ocrx_word' id='word_1_270' title='bbox 948 3204 1102 3262; x_wconf 91' lang='lat' dir='ltr'><strong>Nam</strong></span> <span class='ocrx_word' id='word_1_271' title='bbox 1132 3215 1189 3262; x_wconf 95' lang='lat' dir='ltr'><strong>et</strong></span> <span class='ocrx_word' id='word_1_272' title='bbox 1216 3204 1448 3262; x_wconf 86' lang='lat' dir='ltr'><strong>navium</strong></span> <span class='ocrx_word' id='word_1_273' title='bbox 1490 3204 1673 3280; x_wconf 68' lang='lat' dir='ltr'><strong>figura</strong></span> <span class='ocrx_word' id='word_1_274' title='bbox 1716 3197 1774 3261; x_wconf 79' lang='lat' dir='ltr'><strong>et</strong></span> <span class='ocrx_word' id='word_1_275' title='bbox 1815 3222 2102 3261; x_wconf 88' lang='lat' dir='ltr'><strong>remorum</strong></span> <span class='ocrx_word' id='word_1_276' title='bbox 2143 3213 2301 3260; x_wconf 81' lang='lat' dir='ltr'><strong>motu</strong></span> <span class='ocrx_word' id='word_1_277' title='bbox 2344 3213 2400 3261; x_wconf 82' lang='lat' dir='ltr'><strong>et</strong></span> 
     </span>
     <span class='ocr_line' id='line_1_33' title="bbox 348 3293 2396 3374; baseline -0.001 -21"><span class='ocrx_word' id='word_1_278' title='bbox 348 3295 621 3354; x_wconf 89' lang='lat' dir='ltr'><strong>inusitato</strong></span> <span class='ocrx_word' id='word_1_279' title='bbox 674 3316 885 3374; x_wconf 90' lang='lat' dir='ltr'><strong>genere</strong></span> <span class='ocrx_word' id='word_1_280' title='bbox 937 3307 1351 3355; x_wconf 89' lang='lat' dir='ltr'><strong>tormentorum</strong></span> <span class='ocrx_word' id='word_1_281' title='bbox 1411 3296 1655 3371; x_wconf 89' lang='lat' dir='ltr'><strong>permoti</strong></span> <span class='ocrx_word' id='word_1_282' title='bbox 1718 3294 1944 3352; x_wconf 88' lang='lat' dir='ltr'><strong>barbari</strong></span> <span class='ocrx_word' id='word_1_283' title='bbox 2000 3293 2396 3366; x_wconf 90' lang='lat' dir='ltr'><strong>constiterunt,</strong></span> 
     </span>
     <span class='ocr_line' id='line_1_34' title="bbox 350 3386 2397 3464; baseline -0.001 -19"><span class='ocrx_word' id='word_1_284' title='bbox 350 3406 419 3445; x_wconf 91' lang='lat' dir='ltr'><strong>ac</strong></span> <span class='ocrx_word' id='word_1_285' title='bbox 471 3386 707 3463; x_wconf 73' lang='lat' dir='ltr'><strong>paulum</strong></span> <span class='ocrx_word' id='word_1_286' title='bbox 761 3387 932 3445; x_wconf 73' lang='lat' dir='ltr'><strong>modo</strong></span> <span class='ocrx_word' id='word_1_287' title='bbox 975 3388 1181 3464; x_wconf 89' lang='lat' dir='ltr'><strong>pedem</strong></span> <span class='ocrx_word' id='word_1_288' title='bbox 1222 3388 1555 3445; x_wconf 87' lang='lat' dir='ltr'><strong>retulerunt.</strong></span> <span class='ocrx_word' id='word_1_289' title='bbox 1641 3387 1835 3460; x_wconf 89' lang='lat' dir='ltr'><strong>Atque</strong></span> <span class='ocrx_word' id='word_1_290' title='bbox 1875 3386 2083 3442; x_wconf 90' lang='lat' dir='ltr'><strong>nostris</strong></span> <span class='ocrx_word' id='word_1_291' title='bbox 2124 3386 2397 3443; x_wconf 88' lang='lat' dir='ltr'><strong>militibus</strong></span> 
     </span>
     <span class='ocr_line' id='line_1_35' title="bbox 349 3477 2395 3554; baseline -0.001 -18"><span class='ocrx_word' id='word_1_292' title='bbox 349 3479 775 3550; x_wconf 88' lang='lat' dir='ltr'><strong>cunctantibus,</strong></span> <span class='ocrx_word' id='word_1_293' title='bbox 819 3479 1065 3536; x_wconf 76' lang='lat' dir='ltr'><strong>maxime</strong></span> <span class='ocrx_word' id='word_1_294' title='bbox 1110 3491 1337 3554; x_wconf 89' lang='lat' dir='ltr'><strong>propter</strong></span> <span class='ocrx_word' id='word_1_295' title='bbox 1385 3478 1742 3535; x_wconf 87' lang='lat' dir='ltr'><strong>altitudinem</strong></span> <span class='ocrx_word' id='word_1_296' title='bbox 1786 3478 1977 3547; x_wconf 85' lang='lat' dir='ltr'><strong>maris,</strong></span> <span class='ocrx_word' id='word_1_297' title='bbox 2021 3477 2120 3551; x_wconf 91' lang='lat' dir='ltr'><strong>qui</strong></span> <span class='ocrx_word' id='word_1_298' title='bbox 2160 3477 2395 3534; x_wconf 82' lang='lat' dir='ltr'><strong>decimae</strong></span> 
     </span>
     <span class='ocr_line' id='line_1_36' title="bbox 347 3566 2395 3648; baseline -0.001 -21"><span class='ocrx_word' id='word_1_299' title='bbox 347 3571 590 3648; x_wconf 89' lang='lat' dir='ltr'><strong>legionis</strong></span> <span class='ocrx_word' id='word_1_300' title='bbox 647 3572 893 3646; x_wconf 83' lang='lat' dir='ltr'><strong>aquilam</strong></span> <span class='ocrx_word' id='word_1_301' title='bbox 926 3566 1168 3642; x_wconf 78' lang='lat' dir='ltr'><strong>ferebat,</strong></span> <span class='ocrx_word' id='word_1_302' title='bbox 1217 3581 1569 3627; x_wconf 87' lang='lat' dir='ltr'><strong>contestatus</strong></span> <span class='ocrx_word' id='word_1_303' title='bbox 1613 3570 1769 3641; x_wconf 61' lang='lat' dir='ltr'><strong>dem,</strong></span> <span class='ocrx_word' id='word_1_304' title='bbox 1815 3579 1878 3626; x_wconf 93' lang='lat' dir='ltr'><strong>ut</strong></span> <span class='ocrx_word' id='word_1_305' title='bbox 1919 3587 1990 3626; x_wconf 89' lang='lat' dir='ltr'><strong>ea</strong></span> <span class='ocrx_word' id='word_1_306' title='bbox 2040 3587 2132 3625; x_wconf 88' lang='lat' dir='ltr'><strong>res</strong></span> <span class='ocrx_word' id='word_1_307' title='bbox 2185 3568 2395 3645; x_wconf 90' lang='lat' dir='ltr'><strong>legioni</strong></span> 
     </span>
     <span class='ocr_line' id='line_1_37' title="bbox 280 3657 2398 3735; baseline -0.001 -16"><span class='ocrx_word' id='word_1_308' title='bbox 280 3690 286 3697; x_wconf 85' lang='lat'><em>·</em></span> <span class='ocrx_word' id='word_1_309' title='bbox 349 3662 592 3720; x_wconf 87' lang='lat' dir='ltr'><strong>feliciter</strong></span> <span class='ocrx_word' id='word_1_310' title='bbox 613 3663 900 3720; x_wconf 89' lang='lat' dir='ltr'><strong>eveniret:</strong></span> <span class='ocrx_word' id='word_1_311' title='bbox 943 3669 979 3695; x_wconf 92' lang='lat'><strong>“</strong></span> <span class='ocrx_word' id='word_1_312' title='bbox 998 3662 1297 3732; x_wconf 88' lang='lat' dir='ltr'><strong>Desilite‚”</strong></span> <span class='ocrx_word' id='word_1_313' title='bbox 1325 3661 1530 3735; x_wconf 90' lang='lat' dir='ltr'><strong>inquit,</strong></span> <span class='ocrx_word' id='word_1_314' title='bbox 1561 3668 1598 3694; x_wconf 89' lang='lat'><strong>“</strong></span> <span class='ocrx_word' id='word_1_315' title='bbox 1624 3661 2060 3729; x_wconf 89' lang='lat' dir='ltr'><strong>commilitones,</strong></span> <span class='ocrx_word' id='word_1_316' title='bbox 2090 3660 2201 3717; x_wconf 91' lang='lat' dir='ltr'><strong>nisi</strong></span> <span class='ocrx_word' id='word_1_317' title='bbox 2230 3657 2398 3717; x_wconf 86' lang='lat' dir='ltr'><strong>vultis</strong></span> 
     </span>
     <span class='ocr_line' id='line_1_38' title="bbox 350 3750 2395 3831; baseline -0.002 -18"><span class='ocrx_word' id='word_1_318' title='bbox 350 3756 597 3831; x_wconf 85' lang='lat' dir='ltr'><strong>aquilain</strong></span> <span class='ocrx_word' id='word_1_319' title='bbox 641 3755 899 3811; x_wconf 90' lang='lat' dir='ltr'><strong>hostibus</strong></span> <span class='ocrx_word' id='word_1_320' title='bbox 936 3753 1216 3830; x_wconf 89' lang='lat' dir='ltr'><strong>prodere:</strong></span> <span class='ocrx_word' id='word_1_321' title='bbox 1260 3772 1370 3828; x_wconf 89' lang='lat' dir='ltr'><strong>ego</strong></span> <span class='ocrx_word' id='word_1_322' title='bbox 1414 3750 1571 3809; x_wconf 75' lang='lat' dir='ltr'><strong>certe</strong></span> <span class='ocrx_word' id='word_1_323' title='bbox 1619 3771 1810 3808; x_wconf 90' lang='lat' dir='ltr'><strong>meum</strong></span> <span class='ocrx_word' id='word_1_324' title='bbox 1857 3751 2189 3825; x_wconf 71' lang='lat' dir='ltr'><strong>reipublicae</strong></span> <span class='ocrx_word' id='word_1_325' title='bbox 2231 3761 2395 3825; x_wconf 88' lang='lat' dir='ltr'><strong>atque</strong></span> 
     </span>
    </p>
   </div>
   <div class='ocr_carea' id='block_1_5' title="bbox 259 3841 2395 3921">
    <p class='ocr_par' dir='ltr' id='par_1_7' title="bbox 259 3841 2395 3921">
     <span class='ocr_line' id='line_1_39' title="bbox 259 3841 2395 3921; baseline -0.003 -17"><span class='ocrx_word' id='word_1_326' title='bbox 259 3859 265 3865; x_wconf 80' lang='grc'><strong><em>’</em></strong></span> <span class='ocrx_word' id='word_1_327' title='bbox 350 3845 675 3921; x_wconf 89' lang='lat' dir='ltr'><strong>imperatori</strong></span> <span class='ocrx_word' id='word_1_328' title='bbox 718 3846 966 3904; x_wconf 88' lang='lat' dir='ltr'><strong>officium</strong></span> <span class='ocrx_word' id='word_1_329' title='bbox 1007 3845 1379 3918; x_wconf 84' lang='lat' dir='ltr'><strong>praestiter0.’&#39;</strong></span> <span class='ocrx_word' id='word_1_330' title='bbox 1465 3842 1599 3899; x_wconf 93' lang='lat' dir='ltr'><strong>Hoc</strong></span> <span class='ocrx_word' id='word_1_331' title='bbox 1640 3860 1815 3916; x_wconf 90' lang='lat' dir='ltr'><strong>quum</strong></span> <span class='ocrx_word' id='word_1_332' title='bbox 1843 3841 2052 3917; x_wconf 72' lang='lat' dir='ltr'><strong>magna</strong></span> <span class='ocrx_word' id='word_1_333' title='bbox 2096 3859 2238 3898; x_wconf 88' lang='lat' dir='ltr'><strong>voce</strong></span> <span class='ocrx_word' id='word_1_334' title='bbox 2280 3841 2395 3898; x_wconf 87' lang='lat' dir='ltr'><strong>dix·</strong></span> 
     </span>
    </p>
   </div>
   <div class='ocr_carea' id='block_1_6' title="bbox 350 3932 2377 4012">
    <p class='ocr_par' dir='ltr' id='par_1_8' title="bbox 350 3932 2377 4012">
     <span class='ocr_line' id='line_1_40' title="bbox 350 3932 2377 4012; baseline -0.002 -18"><span class='ocrx_word' id='word_1_335' title='bbox 350 3948 505 4006; x_wconf 79' lang='lat' dir='ltr'><strong>isset,</strong></span> <span class='ocrx_word' id='word_1_336' title='bbox 534 3956 603 3993; x_wconf 86' lang='lat' dir='ltr'><strong>ex</strong></span> <span class='ocrx_word' id='word_1_337' title='bbox 629 3938 758 3992; x_wconf 87' lang='lat' dir='ltr'><strong>navi</strong></span> <span class='ocrx_word' id='word_1_338' title='bbox 791 3954 850 3992; x_wconf 85' lang='lat' dir='ltr'><strong>se</strong></span> <span class='ocrx_word' id='word_1_339' title='bbox 880 3935 1147 4012; x_wconf 82' lang='lat' dir='ltr'><strong>projecit,</strong></span> <span class='ocrx_word' id='word_1_340' title='bbox 1180 3947 1346 4010; x_wconf 84' lang='lat' dir='ltr'><strong>atque</strong></span> <span class='ocrx_word' id='word_1_341' title='bbox 1392 3936 1447 3990; x_wconf 90' lang='lat' dir='ltr'><strong>in</strong></span> <span class='ocrx_word' id='word_1_342' title='bbox 1487 3934 1678 3988; x_wconf 77' lang='lat' dir='ltr'><strong>hostes</strong></span> <span class='ocrx_word' id='word_1_343' title='bbox 1722 3932 1966 4007; x_wconf 83' lang='lat' dir='ltr'><strong>aquilam</strong></span> <span class='ocrx_word' id='word_1_344' title='bbox 2017 3932 2162 3987; x_wconf 85' lang='lat' dir='ltr'><strong>ferre</strong></span> <span class='ocrx_word' id='word_1_345' title='bbox 2206 3932 2377 4008; x_wconf 80' lang='lat' dir='ltr'><strong>coepit</strong></span> 
     </span>
    </p>
   </div>
  </div>
 </body>
</html>
