2747 4376
343 292 476 340 eu.
510 292 737 355 ae-oeJ
1103 292 1313 343 mssa
1359 293 1641 342 ramus.
1877 330 1882 337 .
2326 294 2394 351 21

343 446 698 510 gravaretur,
743 453 932 509 neque
985 435 1058 493 de
1113 437 1406 493 communi
1460 455 1521 493 re
1566 436 1874 493 dicendum
1917 436 2025 493 sibi
2069 452 2127 493 et
2169 455 2406 512 cogno&

345 525 597 583 cendum
622 537 850 602 putaret
869 547 884 598 ;
928 527 1054 584 lraec
1082 546 1227 599 esse,
1257 547 1384 602 quae
1424 529 1494 584 ab
1530 546 1602 585 eo
1645 528 1992 603 postularet:
2036 525 2303 603 primum,
2335 544 2408 584 ne

346 635 522 691 quam
550 619 847 676 hominum
876 618 1300 676 multitudinem
1324 619 1567 694 amplius
1595 631 1749 676 trans
1773 619 2046 676 Rhenum
2069 620 2130 675 in
2158 618 2405 675 Galliam

349 710 778 767 transduceret:
822 710 1031 767 deinde
1059 711 1305 782 obsideS,
1335 730 1479 785 quos
1509 711 1743 767 haberet
1773 712 1843 767 ab
1875 711 2100 781 AEduis,
2124 710 2405 781 redderet,

351 802 754 875 Sequanisque
792 803 1163 876 permitteret,
1193 812 1275 873 ut,
1305 821 1449 876 quos
1492 802 1574 859 illi
1616 802 1909 872 haberent,
1954 803 2242 859 voluntate
2285 801 2408 877 ejus
2493 834 2504 853 ο
2547 826 2556 845 ·

351 892 593 949 reddere
633 893 748 950 illis
787 893 1022 975 liceret3
1065 911 1211 950 neve
1251 893 1476 950 AEduos
1518 894 1725 970 injuria
1768 894 2093 964 lacesseret,
2135 911 2278 950 neve
2321 893 2408 950 his

351 984 597 1041 sociisve
625 1003 823 1041 eorum
852 985 1063 1041 bellum
1094 985 1348 1042 inferret.
1435 986 1499 1042 Si
1531 985 1587 1041 id
1630 986 1710 1042 ita
1751 985 1999 1057 fecisset,
2029 985 2138 1042 sibi
2177 985 2409 1060 populo-

353 1094 467 1150 que
510 1075 782 1133 Romano
805 1087 1137 1151 perpetuam
1166 1077 1409 1154 gratiam
1440 1087 1610 1151 atque
1643 1077 1953 1133 amicitiam
1982 1095 2114 1133 cum
2157 1094 2228 1132 eo
2264 1077 2410 1133 futu·

354 1186 506 1225 ram:
550 1167 599 1225 si
626 1187 742 1224 non
780 1167 1123 1243 impetraret,
1153 1186 1297 1238 sese,
1327 1170 1618 1242 quoniam,
1648 1166 1731 1226 M.
1762 1167 2034 1239 Messala,
2074 1166 2157 1224 M.
2201 1168 2412 1225 Pisone

353 1260 541 1330 Coss„
586 1271 818 1317 senatus
858 1259 1195 1330 censuisset,
1236 1258 1343 1331 uti,
1373 1260 1724 1334 quicumque
1764 1260 2011 1317 Galliam
2057 1260 2410 1336 provinciam

356 1352 658 1423 obtineret,
689 1351 840 1426 quod
881 1352 1185 1427 commodo
1224 1352 1556 1427 reipublicae
1587 1352 1778 1409 facere
1804 1363 2014 1428 posset,
2048 1352 2269 1409 AEduos
2296 1370 2413 1410 cet·
2461 1370 2476 1385 ·

352 1460 593 1516 erosque
637 1444 852 1500 amicos
891 1443 1086 1518 populi
1120 1443 1378 1500 Romani
1419 1442 1771 1514 defenderet,
1799 1422 1925 1501 sese
1965 1443 2288 1500 AEduorum
2334 1445 2412 1500 in·

346 1534 530 1609 jurias
555 1552 689 1590 nonz
701 1534 1133 1609 neglecturum.’

433 1625 723 1683 XXXVI.
782 1625 878 1683 Ad
905 1626 1035 1683 haec
1061 1625 1389 1683 Ariovistus
1416 1624 1742 1699 respondit:
1788 1631 1804 1658 ‘
1828 1623 1935 1681 Jus
1975 1642 2101 1681 esse
2144 1624 2297 1695 belh,
2327 1639 2409 1696 ut,

353 1716 454 1790 qui
481 1704 769 1787 vicissent,
800 1716 890 1786 iis,
920 1735 1062 1790 quos
1088 1716 1382 1787 vicissent,
1412 1714 1892 1790 quemadmodum
1919 1715 2148 1786 vellent,
2173 1716 2411 1792 impera·

352 1816 516 1864 rent:
559 1807 696 1864 item
722 1806 998 1882 populum
1027 1807 1360 1865 Romanum
1390 1807 1557 1864 victis
1587 1826 1703 1864 non
1734 1807 1803 1863 ad
1845 1806 2078 1864 alterius
2118 1808 2411 1884 praescrip-

322 1910 496 1970 -tum,
524 1899 625 1957 sed
653 1900 724 1957 ad
753 1918 922 1957 suum
952 1899 1247 1957 arbitrium
1293 1900 1574 1974 imperare
1608 1897 1937 1956 consuesse.
2022 1899 2085 1956 Si
2117 1892 2235 1974 ipse
2276 1918 2412 1974 pop-

353 1992 454 2049 ulo
479 1990 751 2049 Romano
775 2010 894 2049 non
913 1991 1327 2067 praescriberet,
1351 1989 1830 2065 quemadmodum
1852 2010 1958 2071 suo
1978 1990 2107 2065 jure
2136 2001 2408 2062 uteretur,
2490 2014 2502 2029 ·

353 2102 473 2141 non
526 2094 788 2159 oportere
841 2102 968 2141 sese
1022 2102 1056 2140 a
1105 2083 1318 2158 populo
1372 2082 1645 2141 Romano
1699 2083 1757 2139 in
1805 2101 1909 2140 suo
1956 2080 2084 2157 jure
2129 2082 2406 2158 impediri.

355 2175 583 2234 AEduos
622 2176 751 2248 sibi,
781 2176 1050 2250 quoniam
1094 2175 1226 2233 belli
1270 2175 1555 2233 fortunam
1600 2176 1935 2246 tentassent,
1965 2184 2022 2232 et
2064 2174 2235 2231 armis
2276 2194 2410 2231 con-

355 2268 537 2344 gressi
587 2287 656 2325 ac
702 2267 952 2343 superati
996 2280 1204 2339 essent,
1235 2267 1637 2342 stipendiarios
1684 2286 1808 2324 esse
1852 2267 2048 2324 factos.
2132 2264 2408 2342 Magnam

356 2360 646 2417 Caesarem
700 2360 965 2435 injuriam
1022 2359 1230 2430 facere,
1286 2360 1384 2433 qui
1441 2378 1547 2415 suo
1617 2358 1862 2415 adventu
1930 2357 2232 2433 vectigalia
2299 2359 2408 2416 sibi
2453 2400 2476 2409 -

355 2452 642 2510 deteriora
693 2451 922 2509 faceret.
1009 2451 1218 2507 AEduis
1246 2470 1333 2508 ‘se
1388 2451 1618 2507 obsides
1674 2450 2024 2507 redditurum
2080 2469 2196 2505 non
2264 2468 2408 2520 esse,

357 2562 544 2619 neque
572 2543 660 2615 iis,
690 2561 877 2618 neque
903 2562 1101 2600 eorum
1129 2542 1303 2600 sociis
1331 2541 1541 2617 injuria
1584 2541 1793 2598 bellum
1838 2541 2145 2612 illaturum,
2174 2542 2222 2599 si
2253 2542 2311 2599 in
2340 2561 2411 2600 eo

358 2647 673 2707 manerent,
724 2636 874 2710 quod
923 2635 1304 2705 convenisset,
1346 2633 1807 2709 stipendiumque
1850 2634 2155 2708 quotannis
2201 2634 2409 2710 pende-

357 2739 519 2784 rent:
566 2728 613 2784 si
658 2727 717 2784 id
759 2746 875 2783 non
924 2727 1214 2797 fecissent,
1261 2725 1435 2802 longe
1482 2726 1552 2782 iis
1601 2725 1910 2783 fraternum
1960 2744 2165 2784 nomen
2215 2728 2406 2801 populi

361 2819 611 2875 Romani
641 2819 983 2877 abfuturum.
1073 2818 1256 2880 Quod
1284 2819 1394 2876 sibi
1436 2818 1631 2886 Caesar
1672 2818 2047 2875 denunciaret
2089 2836 2151 2875 se
2193 2818 2411 2875 AEduo-

359 2930 483 2967 rum
514 2911 748 2986 injurias
774 2930 890 2968 non
918 2911 1349 2987 neglecturum;
1396 2910 1684 2967 nemi-nem
1731 2929 1927 2967 secum
1974 2910 2096 2967 sine
2140 2910 2243 2967 sua
2287 2930 2410 2985 per-

268 3033 310 3069 χ
357 3004 511 3060 nicie
539 3003 917 3062 contendisse.
999 3002 1203 3064 Quum
1230 3002 1419 3073 vellet,
1444 3002 1886 3079 congrederetur
1903 3022 1918 3072 3
1964 3002 2407 3073 intellecturum,
2451 3015 2458 3018 “

355 3094 494 3169 quid
524 3094 719 3151 invicti
747 3094 1044 3165 Germani,
1072 3094 1529 3152 exercitatissimi
1572 3094 1630 3150 in
1675 3094 1865 3164 armis,
1896 3095 1993 3168 qui
2039 3093 2185 3151 inter
2229 3112 2410 3151 annos

354 3185 503 3243 XIV
531 3197 747 3243 tectum
776 3205 892 3243 non
921 3185 1225 3256 subissent,
1255 3186 1463 3243 virtute
1489 3195 1737 3260 possent.

429 3277 751 3335 XXXVII.
779 3353 786 3359 ἱ
810 3277 956 3334 Haec
984 3277 1184 3334 eodem
1226 3288 1486 3353 tempore
1524 3276 1741 3335 Caesari
1783 3277 2050 3334 mandata
2088 3276 2414 3335 refereban-

348 3384 460 3439 tur,
490 3382 547 3427 et
573 3370 748 3446 legati
779 3370 850 3426 ab
880 3369 1086 3426 AEduis
1114 3380 1172 3426 et
1201 3389 1233 3425 a
1258 3368 1518 3426 Treviris
1537 3370 1874 3427 veniebant:
1919 3369 2098 3426 AEdui
2120 3381 2405 3443 questum,

349 3470 365 3495 ‘
387 3461 542 3536 quod
573 3462 862 3532 Harudes,
893 3462 991 3535 qui
1018 3480 1200 3535 nuper
1229 3460 1289 3517 in
1316 3460 1579 3517 Galliam.
1605 3461 1968 3536 transportati
2011 3473 2219 3532 essent,
2263 3461 2406 3519 fines

348 3573 551 3612 eorum
597 3554 1044 3628 popularentur3
1078 3570 1228 3620 ,sese
1271 3571 1346 3609 ne
1390 3553 1685 3610 obsidibus
1727 3554 1958 3627 quidem
2003 3554 2151 3611 datis
2191 3571 2402 3627 „pacem

351 3646 627 3703 Ariovisti
680 3644 964 3703 redimere
1005 3645 1259 3720 potuisse
1284 3664 1297 3701 ι
1321 3646 1334 3672 ’
1380 3644 1610 3702 Treviri
1661 3656 1870 3715 autern,
1916 3652 2124 3720 ‘pagos
2171 3655 2406 3701 centum

349 3738 670 3795 Suevorum
700 3737 770 3794 ad
798 3737 950 3811 ripas
977 3737 1173 3793 Rheni
1204 3737 1554 3808 consedisse,
1601 3738 1696 3811 qui
1728 3737 2004 3793 Rhenum
2042 3735 2284 3792 transire
2314 3754 2407 3791 co-

348 3840 654 3899 narentur3
699 3830 770 3886 iis
795 3847 1039 3904 praeesse
1066 3812 1326 3885 Nasuam
1367 3840 1426 3886 et
1466 3829 1820 3886 Cimberium
1851 3827 2086 3884 fratres?
2167 3825 2405 3886 Quibus

349 3922 518 3980 rebus
545 3921 741 3979 Caesar
770 3921 1135 3978 veliementer
1164 3931 1506 3988 commotus,
1535 3919 1935 3976 maturandum
1971 3917 2079 3973 sibi
2123 3917 2406 3972 existima-
