2747 4376
337 283 475 331 Ost.
507 283 703 344 6-10.]
1067 283 1277 332 LIBER
1321 282 1677 341 QUARTUS.
2318 286 2400 342 59

337 425 746 500 postulassent,
793 426 865 483 ab
907 444 970 484 se
1017 426 1138 484 fore
1189 438 1403 502 parata.
1483 425 1626 489 Qua
1680 443 1780 501 spe
1835 424 2066 482 adducti
2120 425 2395 483 Germani

338 514 521 576 latius
542 518 661 594 jam
688 519 1062 595 vagabantur,
1091 529 1148 576 et
1176 519 1236 575 in
1276 518 1421 576 fines
1463 518 1800 575 Eburonum
1842 528 1900 575 et
1942 516 2396 589 Condrusorum,

304 629 313 633 ·
341 609 445 683 qui
475 621 609 667 sunt
634 608 1009 667 Trevirorum
1038 610 1298 682 clientes,
1325 618 1717 686 pervenerant.
1799 608 2166 685 Principibus
2191 609 2395 666 Galliae

342 701 617 773 evocatis,
657 701 853 758 Caesar
896 720 986 773 ea,
1029 721 1155 777 quae
1201 716 1567 779 cognoverat,
1607 701 2018 759 dissimulanda
2056 700 2167 758 sibi
2206 700 2398 758 existi-

340 792 542 864 mavit,
571 811 884 868 eorumque
932 793 1138 851 animis
1179 793 1482 870 permulsis
1525 804 1583 851 et
1626 792 1993 864 confirmatiS,
2022 792 2396 868 equitatu'que

240 923 251 929 -
342 882 643 958 imperatO,
671 885 884 942 bellum
912 904 1048 942 cum
1074 885 1382 943 Germanis
1408 903 1607 962 gerere
1635 884 1946 942 constituit.

421 974 559 1032 VII.
616 974 714 1033 Re
755 968 1123 1034 frumentaria
1165 977 1515 1052 comparata,
1543 976 1944 1052 equitibusque
1986 975 2245 1048 delectis,
2287 976 2396 1034 iter

342 1064 404 1123 in
432 1083 504 1123 ea
530 1065 662 1124 loca
688 1066 878 1125 facere
918 1068 1112 1144 coepit,
1141 1068 1350 1142 quibus
1393 1068 1452 1124 in
1493 1067 1638 1125 locis
1678 1086 1804 1125 esse
1842 1068 2161 1125 Germanos
2205 1068 2396 1127 audie-

343 1157 457 1214 bat.
542 1157 598 1214 A
628 1158 836 1232 quibus
863 1178 1040 1234 quum
1066 1178 1384 1235 paucorum
1426 1159 1649 1217 dierum
1689 1159 1797 1217 iter
1839 1160 2080 1230 abesset,
2107 1159 2281 1237 legati
2323 1160 2395 1217 ab

343 1247 434 1306 his
487 1259 785 1322 venerunt,
841 1269 1081 1326 quorum
1138 1251 1264 1309 haec.
1326 1250 1435 1308 suit
1499 1250 1714 1309 oratio:
1783 1258 1799 1284 ‘
1821 1251 2142 1310 Germanos
2207 1269 2396 1327 neque

340 1335 564 1414 priores
588 1341 799 1417 populo
825 1342 1098 1400 Romano
1133 1343 1346 1400 bellum
1390 1333 1619 1415 inferre,
1648 1361 1835 1418 neque
1873 1354 2065 1401 tamen
2109 1361 2396 1415 recusare,

338 1430 390 1488 si
417 1431 791 1505 lacessantur,
821 1434 960 1509 quin
989 1434 1163 1492 armis
1191 1434 1581 1505 contendant3
1625 1433 1777 1510 quod
1804 1434 2225 1513 Germanorum
2262 1454 2396 1492 con-

340 1523 590 1580 suetudo
618 1524 739 1581 haec
766 1524 840 1582 sit
869 1544 902 1582 a
928 1525 1238 1602 majoribus
1265 1525 1492 1598 tradita,
1521 1526 1850 1601 quicunque
1886 1525 2098 1583 bellum
2128 1525 2394 1598 inferant,

339 1614 628 1686 resistere,
657 1634 846 1691 neque
881 1616 1213 1692 deprecari:
1259 1617 1384 1674 haeo
1426 1617 1875 1697 tamen0dicere,
1904 1617 2127 1675 venisse
2167 1618 2392 1692 invitos,

339 1705 567 1782 ejectos·
585 1707 770 1765 domo.
854 1708 919 1765 Si
948 1724 1109 1766 suam
1138 1709 1380 1786 gratiam
1409 1708 1662 1766 Romani
1699 1710 1893 1781 velint,
1920 1727 2087 1785 posse
2114 1710 2198 1767 eis
2224 1711 2393 1769 utiles

339 1815 468 1855 esse
497 1798 743 1858 amicos:
786 1801 875 1857 vel
904 1800 1012 1857 sibi
1029 1805 1207 1877 ‘agros
1236 1800 1565 1873 attribuant,
1594 1801 1679 1858 vel
1721 1803 2008 1877 patiantur
2048 1820 2147 1860 eos
2173 1813 2390 1874 tenere,

339 1908 486 1963 quos
514 1891 684 1948 armis
709 1892 1081 1966 possederint.
1166 1893 1307 1950 Sese
1335 1893 1467 1949 unis
1495 1893 1699 1950 Suevis
1727 1894 2065 1965 concedere,
2088 1894 2295 1969 quibus
2317 1913 2392 1953 ne

338 1981 431 2038 dii·
450 1982 682 2056 quidem
710 1983 1059 2041 immortales
1085 1984 1253 2059 pares
1279 2002 1406 2042 esse
1435 1984 1686 2059 possint:
1728 1985 2012 2060 reliquum
2055 1986 2286 2062 quidem
2329 1986 2390 2043 in

340 2073 506 2132 terris
533 2092 658 2131 esse
685 2075 994 2145 neminem,
1025 2094 1194 2150 quem
1223 2094 1338 2132 non
1366 2094 1635 2151 superare
1660 2076 1913 2152 possint!

417 2164 582 2223 VIII.
639 2166 737 2224 Ad
764 2166 891 2224 haec
917 2166 1132 2239 Caesar‚
1163 2187 1290 2243 quae
1331 2168 1514 2226 visum
1556 2178 1663 2239 est,
1691 2168 2017 2245 respondit;
2062 2169 2161 2227 sed
2204 2170 2391 2228 exitus

339 2258 448 2315 fuit
475 2258 781 2317 orationis:
825 2266 840 2291 ‘
866 2259 991 2316 Sibi
1019 2259 1234 2317 nullam
1265 2279 1399 2317 cum
1429 2260 1516 2317 his
1547 2260 1857 2318 amicitiam
1884 2279 2009 2338 esse
2035 2279 2222 2337 posse,
2251 2262 2301 2319 si
2330 2262 2389 2319 in

337 2349 530 2407 Gallia
559 2361 957 2408 remanerent:
999 2370 1188 2426 neque
1214 2369 1412 2409 verum
1441 2370 1586 2422 esse,
1615 2352 1713 2426 qui
1741 2372 1875 2409 suos
1902 2352 2044 2409 fines
2084 2353 2231 2410 tueri
2274 2372 2389 2410 non

337 2442 645 2516 potuerint,
680 2441 897 2499 alienos
924 2460 1244 2518 occupare:
1273 2460 1463 2517 neque
1489 2443 1638 2500 ullos
1666 2444 1725 2500 in
1752 2444 1941 2501 Gallia
1971 2463 2175 2501 vacare
2206 2463 2389 2521 agros,

339 2532 439 2608 qui
465 2533 588 2591 dari
615 2544 788 2591 tantae
812 2535 1128 2609 praesertim
1156 2534 1515 2592 multitudini
1543 2534 1668 2592 sine
1689 2534 1916 2609 injuria
1954 2535 2189 2609 possint.
2274 2537 2387 2593 Sed

337 2624 534 2696 licere,
580 2625 629 2683 si
672 2625 868 2697 velint,
915 2625 974 2682 in
1022 2625 1304 2683 Ubiorum
1347 2626 1560 2683 finibus
1607 2626 1926 2697 considere,
1983 2645 2224 2702 quorum
2277 2628 2391 2686 sint

337 2710 512 2793 legati
542 2717 689 2793 apud
721 2735 803 2788 se,
832 2727 890 2774 et
925 2716 999 2774 de
1036 2717 1357 2775 Suevorum
1400 2716 1623 2794 injuriis
1664 2730 1992 2793 querantur,
2022 2729 2080 2776 et
2110 2738 2143 2775 a
2168 2739 2229 2777 se
2259 2740 2390 2782 aux·
2375 2704 2442 2768 *1⁹5¹

299 2823 305 2828 ·
338 2806 501 2864 ilium
526 2819 760 2884 petant.
802 2808 913 2866 hoc
941 2827 1003 2866 se
1033 2809 1104 2866 ab
1130 2808 1297 2867 Ubiis
1325 2809 1795 2884 impetraturum!

417 2898 526 2957 IX.
584 2899 786 2976 Legati
815 2900 940 2957 haec
967 2918 1030 2958 se
1060 2900 1129 2957 ad
1173 2920 1308 2957 suos
1349 2901 1627 2959 relaturos
1664 2901 1964 2971 dixerunt3
2008 2912 2083 2973 et,
2114 2922 2177 2960 re
2213 2903 2391 2961 delib-

222 3025 230 3036 =
324 2991 519 3061 erata,
558 3002 687 3067 post
727 2992 879 3049 diem
916 2992 1148 3049 tertium
1193 2992 1262 3049 ad
1306 2992 1596 3050 Caesarem
1635 3012 1996 3051 reversuros:
2041 2993 2277 3066 interea,
2315 3014 2390 3053 ne

337 3080 572 3158 propius
599 3102 661 3140 se
702 3095 891 3141 castra
930 3095 1201 3155 moveret,
1228 3084 1535 3160 petierunt.
1618 3092 1634 3118 ‘
1658 3084 1754 3142 Ne
1796 3085 1853 3141 id
1895 3086 2125 3160 quidem
2148 3089 2161 3113 '
2193 3086 2389 3144 Gaesar

339 3181 355 3207 ‘
383 3174 452 3230 ab
480 3193 541 3232 se
569 3174 858 3250 impetrari
899 3194 1065 3252 posse
1087 3177 1101 3204 ’
1145 3176 1325 3248 dixit—2
1369 3187 1716 3253 cognoverat
1756 3177 1909 3234 enim
1958 3197 2224 3254 magnam
2265 3197 2391 3253 par-

336 3276 453 3322 tem
483 3266 770 3341 equitatfis
800 3267 871 3322 ab
899 3266 969 3323 iis
999 3267 1212 3342 aliquot
1235 3265 1444 3326 >diebus
1473 3266 1605 3325 ante
1647 3268 1940 3344 praedandi
1982 3268 2390 3327 frumennandi-

339 3376 450 3432 que
478 3359 654 3415 causa
686 3358 756 3414 ad
786 3358 1174 3417 Ambivaritos
1201 3370 1358 3417 trans
1396 3359 1623 3417 Mosam
1660 3361 1914 3417 missam‘
1993 3361 2118 3418 Hos
2159 3379 2391 3436 exspec-

339 3449 448 3507 tari
477 3449 718 3523 equiteS‚
751 3459 920 3523 atque
949 3450 1070 3526 ejus
1097 3452 1180 3509 rei
1211 3452 1387 3509 causa
1418 3470 1636 3508 moram
1665 3451 1948 3526 interponi
1993 3453 2385 3510 arbitrabatur.

415 3540 485 3598 X.
543 3540 711 3597 Mosa
736 3540 969 3618 profluit
997 3560 1068 3598 ex
1103 3555 1297 3601 monte
1342 3544 1595 3620 Voseg0,
1626 3543 1722 3617 qui
1767 3555 1853 3601 est
1901 3543 1958 3600 in
2003 3544 2212 3622 finibus
2256 3544 2391 3600 Lin-

338 3651 575 3709 gonum,
623 3643 700 3703 et,
740 3643 904 3707 parte
950 3634 1198 3708 quadam
1238 3654 1308 3692 ex
1349 3635 1565 3692 Rheno
1609 3634 1860 3709 recepta,
1905 3654 2030 3709 quae
2078 3636 2389 3709 appellatur

338 3724 597 3795 Vahalis,
627 3723 875 3781 insulam
902 3724 1078 3782 efficit
1117 3725 1481 3796 Batavorum,
1510 3743 1698 3800 neque
1738 3725 1968 3802 longius
2013 3727 2083 3780 ab
2116 3744 2187 3781 eo
2225 3726 2388 3781 milli-

338 3816 449 3874 bus
491 3835 763 3891 passuum
819 3814 1056 3873 LXXX
1107 3817 1165 3873 in
1219 3815 1522 3874 Oceanum
1576 3817 1796 3873 transit.
1897 3815 2144 3871 Rhenus
2200 3827 2388 3873 autem

337 3907 519 3989 oritur
546 3925 618 3965 ex
644 3906 960 3982 Lepontiis,
990 3907 1088 3983 qui
1117 3907 1296 3983 Alpes
1322 3907 1604 3977 incolunt,
1626 3918 1683 3964 et
1710 3907 1884 3981 longo
1910 3905 2094 3979 spatio
2119 3924 2220 3980 per
2248 3907 2389 3965 fines
