2747 4376
380 295 523 344 en.
558 296 793 359 21—23.]
1109 296 1325 344 mssa
1370 295 1729 354 QUARTUS.
2381 298 2459 356 65

386 437 609 510 mittit3
654 448 712 497 et
765 458 897 497 cum
952 439 1044 497 his
1099 439 1217 496 una
1272 439 1625 511 Commium,
1669 456 1839 514 quern
1895 440 2036 515 ipse,
2086 438 2462 497 Atrebatibus

389 530 701 606 superatis,
729 549 921 608 regem
952 531 1035 588 ibi
1063 533 1459 602 constituerat,
1490 531 1656 608 cujus
1683 541 1741 588 et
1767 530 2031 589 virtutem
2067 542 2126 589 et
2153 530 2460 589 consilium

392 623 695 697 probabat,
725 633 782 679 et
809 641 978 696 quem
1009 622 1120 680 sibi
1149 622 1376 680 fidelem
1408 622 1808 694 arbitrabatur,
1837 623 2116 698 cujusque
2149 623 2460 680 auctoritas

395 712 461 770 in
491 713 564 774 iis
591 714 921 791 regionibus
948 713 1145 791 magni
1185 714 1523 786 habebatur,
1552 708 1742 771 mittit.
1827 714 1987 772 Huic
2027 715 2287 790 imperat,
2315 733 2458 789 quas

396 805 598 880 possit,
648 805 815 864 adeat
856 805 1139 877 civitateS,
1194 805 1586 885 horteturque,
1630 816 1695 863 ut
1739 806 1937 882 populi
1984 805 2239 863 Romani
2286 805 2456 863 fidem

398 907 736 972 sequantur,
778 915 957 972 seque
1004 897 1267 954 celeriter
1309 896 1382 954 eo
1429 893 1731 954 venturum
1773 896 2027 955 nunciet.
2109 896 2454 969 Volusenus,

398 988 717 1064 perspectis
765 987 1120 1065 regionibus,
1166 999 1444 1064 quantum
1490 988 1545 1046 ei
1589 987 1876 1046 facultatis
1922 988 2043 1046 dari
2096 990 2302 1065 potuit,
2357 989 2455 1064 qui

400 1078 534 1136 navi
562 1079 757 1157 egredi
789 1098 859 1137 ac
886 1098 948 1137 se
985 1080 1241 1136 barbaris
1281 1080 1641 1137 committere
1682 1099 1798 1137 non
1841 1080 2093 1153 auderet,
2121 1081 2324 1156 quinto
2360 1080 2456 1139 die

406 1169 477 1227 ad
504 1170 793 1229 Caesarem
823 1172 1157 1240 revertitur;
1199 1189 1442 1247 quaeque
1470 1170 1550 1228 ibi
1577 1172 1972 1247 perspexisset,
2001 1172 2319 1230 renunciat.

481 1261 684 1321 XXII.
742 1262 898 1320 Dum
929 1262 990 1320 in
1031 1261 1120 1320 his
1161 1263 1305 1319 locis
1352 1262 1548 1319 Caesar
1589 1263 1818 1320 navium
1859 1263 2240 1339 parandarum
2281 1266 2456 1321 causi

403 1364 676 1426 moratur,
705 1372 777 1412 ex
803 1355 1015 1431 magna
1041 1365 1203 1430 parte
1242 1353 1607 1412 Morinorum
1657 1354 1728 1412 ad
1775 1373 1908 1412 eum
1949 1355 2124 1431 legati
2159 1367 2456 1427 venerunt,

402 1446 502 1520 qui
544 1464 606 1503 se
648 1445 722 1504 de
764 1446 1075 1522 superioris
1119 1446 1392 1522 temporis
1439 1446 1685 1503 consilio
1731 1458 2091 1515 excusarent,
2121 1445 2275 1520 quod
2303 1447 2459 1504 hom-

401 1537 527 1595 ines
566 1537 792 1595 barbari
841 1549 899 1596 et
945 1548 1153 1596 nostrae
1196 1537 1634 1595 consuetudinis
1680 1537 1929 1613 imperiti
1984 1537 2194 1595 bellum
2247 1540 2459 1614 populo

402 1628 676 1686 Romano
717 1629 1010 1701 fecissent,
1038 1648 1214 1704 seque
1257 1648 1345 1700 ea,
1367 1649 1503 1705 ‚quae
1549 1630 1901 1704 imperasset,
1931 1629 2181 1690 facturos
2225 1630 2457 1706 pollice-
2535 1640 2547 1655 ¹

400 1732 615 1779 rentur.
704 1721 836 1779 Hoc
862 1720 973 1778 sibi
1016 1720 1154 1778 satis
1194 1720 1514 1797 opportune
1559 1721 1754 1779 Caesar
1802 1721 2084 1779 accidisse
2131 1723 2452 1795 arbitratus,

399 1811 552 1886 quod
583 1831 771 1887 neque
800 1824 927 1889 post
953 1823 1176 1889 tergum
1205 1813 1427 1870 hostem
1457 1812 1777 1889 relinquere
1817 1813 2062 1885 volebat,
2089 1833 2278 1888 neque
2319 1814 2451 1872 belli

401 1904 637 1980 gerendi
675 1910 917 1980 ‘propter
965 1904 1100 1961 anni
1147 1914 1373 1980 tempus
1421 1905 1748 1963 facultatem
1803 1905 2068 1977 habebat,
2115 1924 2304 1979 neque
2353 1907 2455 1963 has

401 1995 747 2052 tantularum
800 2014 988 2052 rerum
1037 1997 1450 2071 occupationes
1502 1997 1612 2053 sibi
1668 1996 1979 2055 Britanniae
2027 1998 2455 2073 anteponendas

396 2087 713 2162 judicabat,
754 2106 1029 2164 magnum
1076 2087 1165 2144 his
1212 2087 1478 2145 obsidum
1525 2107 1825 2146 numerum
1882 2090 2136 2164 imperat.
2216 2088 2456 2150 Quibus

403 2178 685 2251 adductiS,
714 2193 813 2237 eos
841 2179 900 2237 in
928 2178 1097 2237 fidem
1126 2179 1360 2256 recepit.
1445 2179 1707 2238 Navibus
1728 2181 1960 2239 circiter
1990 2180 2227 2238 LXXX
2255 2199 2455 2238 onera-

403 2270 503 2328 riis
530 2270 750 2328 coactis
776 2271 1219 2345 contractisque,
1244 2283 1383 2346 quot
1409 2272 1545 2330 satis
1572 2290 1699 2329 esse
1729 2271 1800 2328 ad
1822 2272 1965 2328 duas
1991 2272 2457 2346 transportandas

401 2362 659 2438 legiones
701 2362 1080 2434 existimabat,
1110 2363 1389 2438 quidquid
1433 2374 1711 2439 praeterea
1751 2361 1981 2418 navium
2024 2362 2324 2439 longarum
2360 2362 2458 2418 ha·

404 2453 593 2524 bebat,
622 2453 909 2528 quaestori,
957 2454 1159 2531 legatis
1205 2455 1603 2530 praefectisque
1652 2453 1958 2510 distribuit.
2043 2452 2179 2509 Huc
2223 2454 2458 2511 accede-

403 2545 541 2602 bant
570 2544 776 2602 XVIII
805 2545 1080 2602 onerariae
1122 2565 1315 2616 naves,
1345 2565 1473 2620 quae
1515 2565 1587 2603 ex
1630 2563 1702 2602 eo
1748 2545 1881 2601 loco
1925 2544 1996 2601 ab
2043 2544 2295 2601 millibus
2334 2564 2458 2621 pas-

401 2655 571 2693 suum
617 2635 760 2693 VIII
811 2648 980 2694 vento
1031 2639 1395 2707 tenebantur,
1445 2636 1558 2711 quo
1603 2635 1797 2694 minus
1840 2637 1901 2694 in
1942 2636 2189 2694 eundem
2228 2648 2454 2713 portum

400 2727 699 2803 pervenire
745 2739 992 2803 possent.
1077 2728 1202 2785 Has
1248 2730 1540 2802 equitibus
1582 2729 1900 2799 distribuit3
1961 2728 2246 2804 reliquum
2299 2749 2456 2788 exer-

404 2820 584 2877 citum
617 2819 698 2881 Q.
728 2818 964 2877 Titurio
1003 2821 1223 2878 Sabino
1266 2833 1325 2878 et
1364 2820 1432 2877 L.
1464 2821 1864 2879 Aurunculeio
1911 2821 2098 2878 Cottae
2141 2822 2364 2898 legatis,
2395 2823 2453 2880 in

404 2910 708 2987 Menapios
736 2923 904 2986 atque
952 2912 1009 2969 in
1049 2930 1148 2970 eos
1193 2932 1376 2989 pagos
1426 2912 1804 2983 Morinorum,
1836 2914 1906 2970 ab
1950 2913 2158 2988 quibus
2207 2914 2276 2970 ad
2320 2933 2452 2971 eum

403 3001 576 3079 legati
604 3022 720 3061 non
748 3016 1039 3075 venerant,
1070 3003 1475 3061 deducendum
1512 3004 1686 3062 dedit.
1769 3004 1833 3062 Ρ.
1863 3005 2186 3080 Sulpicium
2230 3005 2452 3062 Rufum

405 3093 650 3171 legatum
681 3113 814 3152 cum
842 3114 913 3152 eo
939 3095 1226 3171 praesidi0,
1257 3095 1410 3170 quod
1450 3096 1587 3153 satis
1628 3114 1754 3153 esse
1802 3097 2198 3167 arbitrabatur,
2227 3110 2454 3173 portum

405 3198 596 3246 ‘tenere
619 3186 802 3260 jussit.

483 3278 711 3334 XXIII.
778 3278 884 3332 His
928 3278 1250 3336 constitutis
1290 3280 1480 3350 rebuS,
1519 3290 1724 3337 nactus
1768 3280 2031 3338 idoneam
2075 3279 2144 3336 ad
2185 3281 2456 3358 navigan-

405 3370 537 3424 dum
569 3380 980 3442 tempestatem,
1014 3371 1179 3428 tertia
1208 3369 1328 3428 fere
1371 3372 1581 3449 vigilifi'
1609 3372 1795 3442 solvit,
1823 3372 2159 3446 equitesque
2207 3373 2266 3429 in
2313 3373 2456 3430 ulte-

395 3462 609 3516 riorem
641 3472 864 3534 portum
896 3462 1157 3535 progredi
1186 3474 1244 3520 et
1271 3482 1446 3520 naves
1474 3462 1865 3520 conscendere
1894 3474 1951 3520 et
1978 3483 2040 3520 se
2067 3464 2228 3538 sequi
2250 3464 2452 3539 jussit:

405 3572 437 3606 a
465 3552 671 3624 quibus
701 3570 874 3622 quum
910 3552 961 3606 id
992 3552 1158 3626 paulo
1192 3552 1414 3612 tardius
1454 3565 1604 3611 esset
1646 3553 2120 3625 administratum,
2152 3556 2272 3629 ipse
2314 3552 2455 3608 hora

403 3644 517 3698 diei
577 3644 806 3698 circiter
856 3646 1052 3714 quarta.
1100 3664 1233 3702 cum
1284 3646 1486 3720 primis
1528 3634 1780 3703 'navibus
1834 3646 2190 3703 Britanniam
2248 3642 2453 3717 attigit,

407 3748 573 3807 atque
607 3734 683 3789 ibi
718 3734 774 3789 in
806 3734 1064 3793 omnibus
1090 3736 1334 3794 collibus
1362 3738 1647 3812 expositas
1684 3736 1932 3793 hostium
1974 3737 2170 3811 copias
2212 3742 2457 3790 armatas

407 3827 722 3899 conspexit.
810 3825 982 3899 Cujus
1014 3828 1122 3886 loci
1151 3828 1277 3884 haec
1305 3838 1691 3888 erat-natura:
1737 3826 1879 3883 adeo
1919 3826 2210 3883 montibus
2252 3841 2456 3899 angus-

407 3919 477 3973 'is
507 3935 665 3973 mare
697 3917 1107 3991 continebatur,
1136 3918 1219 3978 uti
1263 3938 1333 3977 ex
1375 3919 1519 3977 locis
1566 3917 1955 3992 superioribus
2002 3916 2060 3972 in
2103 3915 2238 3971 litus
2277 3913 2455 3971 telum

1038 4015 1074 4065 6
1096 4011 1128 4044 8
