2747 4376
351 305 484 356 cn».
520 272 749 370 49-52ss]
894 281 900 288 ’
1119 305 1328 355 mann
1375 307 1660 356 ramus.
2333 309 2414 368 29

353 450 529 509 ficere
551 450 736 526 jussit.
822 450 1067 508 Munitis
1097 451 1319 523 castris,
1349 451 1492 508 duas
1518 451 1598 508 ibi
1626 451 1886 528 legiones
1924 449 2178 535 reliquit,
2206 460 2266 509 et
2289 469 2416 528 par-

349 554 469 600 tem
498 544 839 601 auxiliorum
862 563 878 613 ;
920 554 1164 619 quatuor
1192 543 1441 618 reliquas
1470 544 1530 600 in
1558 554 1747 600 castra
1770 542 1985 619 majora
2012 542 2252 600 reduxit.

433 635 499 692 L.
554 635 824 692 Proximo
851 636 947 693 die
976 636 1237 692 instituto
1263 654 1369 691 suo
1410 635 1605 692 Caesar
1642 654 1676 693 e
1704 635 1905 693 castris
1935 633 2188 709 utrisque
2217 633 2415 710 copias
2479 670 2492 688 .

351 745 485 791 suas
513 727 741 796 eduxit;
771 725 1123 803 paulumque
1141 716 1185 784 ’a
1206 726 1519 802 majoribus
1538 746 1893 805 progressae,
1919 726 2103 784 aciem
2126 727 2412 797 instruxit,

350 816 727 894 hostibusque
769 819 1065 895 pugnandi
1107 828 1450 895 potestatem
1496 819 1653 876 fecit.
1734 818 1851 875 Ubi
1900 836 1974 876 ne
2014 829 2136 875 tum
2179 818 2411 894 quidem

341 908 451 967 'eos
492 911 721 986 prodire
775 910 1071 983 intellexit,
1127 911 1358 969 circiter
1405 910 1706 968 meridiem
1750 911 2066 968 exercitum
2112 910 2170 967 in
2226 921 2414 968 castra

266 1054 273 1058 ,
348 1002 592 1060 reduxit.
677 1002 836 1059 Tum
876 1003 1109 1062 demum
1155 1003 1481 1060 Ariovistus
1533 1014 1753 1078 partem
1807 1021 2040 1059 suarum
2096 1003 2411 1077 copiarum,

350 1114 480 1170 quae
518 1105 706 1151 castra
748 1095 969 1152 minora
1008 1106 1384 1177 oppugnaret,
1416 1095 1612 1151 misit:
1658 1094 1864 1152 acriter
1907 1094 2191 1168 utrimque
2234 1113 2413 1168 usque
2494 1110 2514 1125 ⁶

303 1260 309 1265 ἢ
352 1187 425 1244 ad
457 1205 752 1262 vesperum
778 1197 1094 1262 pugnatum
1125 1198 1228 1244 est.
1313 1187 1468 1244 Solis
1495 1205 1708 1243 occasu
1750 1205 1883 1243 suas
1924 1186 2120 1262 copias
2162 1185 2414 1243 Ariovis-
2463 1211 2498 1235 ⁴.

349 1289 464 1349 tus,
494 1279 690 1335 multis
732 1289 788 1335 et
833 1277 1003 1334 illatis
1045 1289 1102 1335 et
1148 1278 1403 1353 acceptis
1447 1266 1796 1348 vulner'ibuS,
1836 1278 1895 1335 in
1941 1289 2129 1334 castra
2169 1277 2410 1335 reduxit.

346 1371 556 1432 Quum
600 1386 669 1427 ex
718 1369 957 1445 captivis
1000 1381 1282 1444 quaereret
1325 1368 1542 1440 Caesar,
1584 1389 1756 1444 quam
1804 1369 1879 1425 ob
1921 1388 2042 1426 rem
2073 1369 2414 1426 Ariovistus

348 1462 555 1538 praelio
583 1482 698 1518 non
727 1462 1065 1532 decertaret,
1098 1461 1248 1518 hanc
1277 1461 1599 1536 reperiebat
1626 1479 1880 1532 causam,
1911 1460 2065 1536 quod
2097 1461 2245 1536 apud
2274 1461 2414 1518 Ger-

352 1573 553 1611 manos
581 1572 648 1610 ea
677 1553 1034 1637 consuetudo
1060 1565 1231 1623 esset,
1262 1564 1325 1610 ut
1354 1552 1824 1610 matresfamiliae
1853 1571 2051 1609 eorum
2079 1553 2328 1610 sortibus
2356 1565 2414 1610 et

351 1646 857 1704 vaticinationibus
899 1646 1277 1716 declararent,
1323 1643 1512 1702 utrum
1555 1645 1819 1721 proelium
1870 1645 2151 1702 committi
2192 1664 2264 1702 ex
2305 1665 2410 1703 usu
2467 1694 2474 1703 .

349 1750 521 1809 esset,
551 1757 660 1796 nec
689 1758 798 1796 ue:
843 1757 939 1795 eas
982 1737 1060 1795 ita
1106 1738 1333 1795 dicere:
1381 1736 1552 1794 ‘Non
1595 1755 1721 1811 esse
1763 1737 1847 1793 sas
1888 1737 2208 1794 Germanos
2249 1757 2412 1814 supe-

351 1848 496 1902 rare,
528 1832 573 1887 si
605 1841 735 1887 ante
764 1849 968 1886 novam
997 1830 1192 1886 lunam
1219 1830 1423 1904 proelio
1451 1829 1917 1897 contendissent!

431 1922 527 1980 Ll.
587 1921 869 1979 Postridie
896 1923 1018 1997 ejus
1045 1921 1159 1978 diei
1189 1921 1405 1993 Caesar,
1435 1922 1701 1996 praesidio
1729 1921 1985 1995 utrisque
2009 1922 2232 1991 castriS‚
2256 1925 2406 1996 quod

349 2017 489 2072 satis
532 2033 657 2072 esse
702 2016 884 2070 visum
928 2026 1032 2085 est,
1062 2014 1285 2084 relict0,
1329 2032 1530 2070 omnes
1574 2013 1779 2071 alarios
1829 2013 1887 2070 in
1926 2023 2243 2088 conspectu
2285 2015 2411 2072 hos-

350 2109 493 2164 tium
523 2127 626 2182 pro
654 2107 857 2164 castris
898 2105 1216 2163 minoribus
1259 2105 1578 2176 constituit,
1609 2104 1763 2179 quod
1808 2103 2002 2162 minus
2040 2106 2410 2165 multitudine

257 2183 319 2263 J(
350 2201 596 2257 militum
626 2200 1069 2276 legionariorum
1095 2217 1200 2274 pro
1226 2199 1475 2256 hostium
1514 2218 1754 2255 numero
1794 2199 2038 2269 valebat,
2071 2208 2133 2256 ut
2175 2199 2245 2255 ad
2287 2219 2406 2276 spe-

351 2293 500 2349 ciem
552 2293 740 2348 alariis
787 2303 1056 2349 uteretur.
1141 2290 1292 2366 Ipse,
1334 2290 1548 2365 triplici
1592 2291 1871 2347 instructa
1919 2290 2064 2361 acie,
2116 2309 2295 2365 usque
2338 2291 2409 2348 ad

351 2395 539 2441 castra
595 2384 838 2441 hostium
896 2383 1181 2461 accessit-‚³
1254 2382 1414 2439 Tum
1465 2383 1696 2440 demum
1753 2380 2078 2439 necessario
2133 2382 2408 2440 Germani

350 2496 484 2533 suas
511 2477 708 2551 copias
736 2475 938 2532 castris
965 2475 1306 2546 eduxerunt,
1337 2474 1772 2551 generatimque
1813 2472 2234 2530 constituerunt
2264 2476 2411 2549 pari-

352 2569 572 2643 busque
630 2568 955 2638 intervalliS,
1013 2567 1303 2638 Harudes,
1354 2566 1821 2637 MarcomannOS,
1869 2563 2213 2636 Triboccos‚
2257 2565 2410 2623 Van-

351 2661 573 2737 gione8‚
626 2659 920 2731 Nemetes,
966 2658 1262 2730 SedusiOS,
1313 2660 1553 2728 SuevOS,
1608 2675 1984 2731 omnemque,
2008 2655 2191 2713 aciem
2245 2677 2408 2716 suam

350 2751 545 2811 rhedis
573 2763 629 2809 et
657 2751 833 2808 carris
862 2751 1388 2820 circumdederunt,
1411 2769 1485 2807 ne
1514 2768 1629 2823 qua
1655 2767 1784 2823 spes
1811 2748 1870 2805 in
1900 2748 2035 2825 suga
2064 2748 2409 2825 relinquere·

350 2853 460 2902 tur.
546 2842 631 2901 Εὸ
663 2835 929 2900 mulieres
961 2842 1372 2918 imposuerunt,
1404 2861 1530 2915 quae
1573 2841 1633 2897 in
1673 2841 1937 2917 proelium
1977 2841 2408 2915 proficiscentes

351 2935 562 2993 milites
588 2936 768 3019 passis
795 2935 1061 2992 manibus
1090 2934 1294 2992 flentes
1321 2934 1720 3009 implorabant,
1751 2951 1825 2990 ne
1866 2951 1927 2990 se
1972 2932 2032 2989 in
2077 2925 2407 2992 servitutem

351 3027 636 3085 Romanis
672 3028 978 3084 traderent.

429 3118 556 3177 LII.
613 3119 809 3176 Caesar
838 3119 1080 3195 singulis
1106 3118 1431 3194 legionibus
1459 3118 1715 3193 singulos
1743 3117 1961 3192 legatos
1983 3127 2038 3173 et
2068 3130 2407 3191 quaestorem

347 3211 623 3287 praese'cit‚
668 3210 749 3269 uti
796 3230 896 3269 eos
939 3221 1112 3268 testes
1156 3230 1273 3267 sure
1318 3211 1559 3285 quisque
1601 3209 1823 3266 virtutis
1868 3209 2117 3266 haberet.
2201 3208 2332 3283 Ipse
2375 3229 2409 3267 a

348 3305 549 3360 dextro
576 3322 778 3374 cornu,
809 3303 962 3377 quod
992 3322 1118 3360 eam
1162 3314 1382 3378 partem
1430 3299 1666 3358 minime
1716 3301 1937 3358 firmam
1986 3300 2233 3357 hostium
2281 3319 2408 3359 esse

350 3396 606 3453 animum
648 3396 985 3466 adverterat,
1034 3396 1299 3470 proelium
1348 3393 1652 3471 commisit.
1737 3393 1826 3449 Ita
1878 3393 2058 3449 nostri
2100 3392 2304 3449 acriter
2347 3394 2406 3449 in

347 3487 560 3559 hostes,
604 3487 773 3564 signo
814 3488 966 3559 dat0,
1023 3487 1298 3563 impetum
1349 3486 1628 3554 fecerunt,
1680 3485 1870 3560 itaque
1925 3484 2116 3541 hostes
2169 3482 2404 3560 repente

347 3580 724 3655 celeriterque
752 3589 1178 3655 procurrerunt,
1209 3590 1270 3636 ut
1298 3578 1548 3653 spatium
1571 3577 1688 3652 pila
1724 3578 1783 3634 in
1826 3577 2016 3633 hostes
2057 3574 2406 3650 conjiciendi

346 3666 462 3729 non
513 3673 759 3730 daretur.
844 3671 1105 3746 Rejectis
1146 3671 1298 3745 pilis,
1349 3669 1612 3727 cominus
1667 3669 1872 3745 gladiis
1919 3678 2235 3744 pugnatum
2281 3677 2403 3723 est.

349 3766 406 3821 at
432 3764 729 3834 Germani,
759 3763 1023 3821 celeriter
1051 3781 1122 3819 ex
1162 3760 1581 3819 consuetudine
1624 3760 1725 3817 sua
1775 3760 2060 3836 phalange
2102 3758 2273 3829 facta,
2304 3757 2407 3814 im-

347 3867 514 3931 petus
561 3856 882 3933 gladiorum
932 3865 1295 3930 exceperunt.
1381 3852 1624 3928 Reperti
1670 3862 1805 3909 sunt
1860 3851 2182 3924 complures
2223 3846 2403 3907 nostri

216 3967 259 4010 -ςῑ
349 3949 578 4020 milites,
609 3948 705 4025 qui
736 3948 793 4005 in
823 3947 1136 4025 phalangas
1165 3946 1467 4034 insilirent,
1490 3953 1548 4002 et
1575 3954 1742 4001 scuta
1760 3941 2026 3999 manibus
2047 3941 2381 3999 revellerent

899 4041 937 4095 3
959 4039 991 4072 0

362 4093 463 4148 ὓ
2327 4105 2338 4142 J

512 4167 586 4194 s
