2747 4376
356 308 462 368 134
1000 301 1373 350 DE'BELLO
1421 300 1741 349 GALLlco
1940 347 1945 354 ,
2008 303 2168 366 [Car.
2201 300 2397 348 47-50

346 448 505 524 prius
546 447 845 521 quisquam
889 460 1113 502 murum
1159 444 1533 515 ascenderet,’
1564 454 1682 501 tres
1724 445 1857 500 suos
1900 453 2107 500 nactus
2148 443 2413 524 manipu-

347 538 510 609 lares,
543 549 710 613 atque
742 537 811 593 ab
841 536 912 593 iis
938 537 1286 606 sublevatus,
1308 554 1533 592 murum
1562 535 1835 592 ascendit.
1854 559 1871 568 -
1919 535 2037 591 Eos
2059 534 2183 610 ipse
2210 552 2416 590 rursus

247 674 256 680 .
344 630 598 706 singulos
625 639 951 703 exceptam,
982 628 1039 684 in
1072 646 1297 684 murum
1324 626 1543 684 extulit.

423 719 701 778 XLVIII.
758 718 995 777 Interim
1026 718 1086 790 ii,
1117 719 1213 793 qui
1244 717 1316 775 ad
1346 718 1583 775 alteram
1613 728 1836 793 partem
1877 717 2094 793 oppidi,
2124 727 2190 774 ut
2229 715 2431 793 supra-

346 811 877 892 demonstravimus‚
910 809 1246 868 munitionis
1272 811 1451 867 causa
1484 819 1893 880 convenerant,
1922 808 2106 885 primo
2136 809 2417 872 exaudito

347 902 616 973 clamore,
646 902 779 959 inde
819 902 991 959 etiam
1038 901 1256 959 crebris
1303 900 1538 959 nunciis
1582 901 1827 972 incitati,
1855 900 2127 976 oppidum
2178 901 2249 957 ab
2287 899 2415 958 Ro-

346 992 532 1052 manis
558 993 762 1064 teneri,
787 992 1097 1069 praemissis
1137 992 1448 1067 equitibus,
1477 1012 1689 1069 magno
1729 1011 2019 1050 concursu
2056 991 2129 1049 eo
2173 1002 2414 1050 conten-

347 1084 568 1143 derunt.
653 1084 867 1142 Eorum
902 1094 964 1140 ut
1006 1084 1250 1159 quisque
1277 1084 1508 1160 -primus
1549 1081 1802 1155 venerat,
1831 1084 1938 1142 sub
1984 1101 2151 1140 muro
2191 1084 2421 1140 consis-.

348 1177 521 1247 tebat‚
569 1194 917 1250 suorumque
982 1176 1362 1251 pugnantium
1423 1193 1728 1234 numerum
1787 1174 2050 1251 augebat.
2132 1173 2409 1236 Quorum

348 1286 523 1342 quum
551 1286 761 1344 magna
787 1266 1095 1324 multitudo
1121 1268 1504 1336 convenisset,
1533 1272 1745 1323 matres
1785 1265 2036 1337 familiae,
2065 1284 2193 1340 quae
2233 1265 2413 1340 paulo

349 1358 480 1415 ante
514 1359 796 1417 Romanis
823 1358 896 1416 de
923 1377 1089 1416 muro
1115 1376 1320 1414 manus
1346 1357 1681 1428 tendebant,
1705 1377 1840 1415 suos
1866 1356 2140 1414 obtestari
2167 1366 2227 1413 et
2247 1375 2409 1414 more

346 1450 574 1507 Gallico
614 1469 844 1526 passum
888 1449 1158 1525 capillum
1206 1460 1496 1518 ostentare
1541 1449 1868 1523 liberosque
1914 1448 1973 1505 in
2029 1449 2405 1523 conspectum

344 1542 598 1616 proferre
626 1552 938 1617 coeperunt.
1023 1540 1163 1597 Erat
1191 1540 1476 1597 Romanis
1502 1559 1614 1598 nec
1642 1541 1772 1598 loco
1811 1558 1924 1597 nec
1964 1557 2205 1596 numero
2242 1558 2404 1613 aequa

348 1634 673 1690 contentio:
717 1634 884 1691 simul
914 1643 973 1690 et
999 1651 1172 1689 cursu
1202 1643 1260 1689 et
1286 1631 1472 1707 spatio
1496 1651 1706 1709 pugnae
1736 1631 2052 1707 defatigati,
2083 1629 2199 1689 no'n
2231 1630 2404 1688 facile

348 1735 608 1780 recentes
638 1739 807 1798 atque
836 1724 1090 1800 integros
1117 1724 1493 1781 sustinebant.

427 1813 649 1871 XLIX.
706 1815 901 1872 Caesar
930 1834 1106 1891 quum
1136 1815 1337 1891 iniquo
1362 1815 1495 1873 loco
1521 1797 1786 1891 pugnari,
1810 1814 2176 1889 hostiumque
2204 1816 2404 1891 augeri

348 1906 544 1980 copias
571 1905 807 1976 videret,
835 1919 1216 1982 praemetuens
1244 1907 1383 1979 suiS‚
1417 1906 1486 1963 ad
1522 1905 1598 1963 T.
1630 1905 1890 1963 Sextium
1931 1905 2203 1982 legatum,
2234 1926 2404 1981 quem

347 1997 664 2055 minoribus
692 1998 895 2056 castris
920 1999 1190 2074 praesidio
1216 1999 1544 2073 reliquerat,
1567 1998 1761 2068 mittit,
1790 2008 1853 2054 ut
1880 1997 2145 2055 cohortes
2172 2017 2244 2054 ex
2285 2016 2407 2054 cas-

346 2087 448 2145 tris
477 2089 740 2146 celeriter
768 2090 1060 2161 educeret‚
1088 2101 1147 2148 et
1174 2090 1282 2146 sub
1310 2089 1509 2146 infimo
1536 2088 1685 2146 colle
1727 2089 1798 2146 ab
1839 2088 2038 2146 dextro
2072 2090 2250 2146 latere
2279 2089 2406 2146 hos-

346 2180 489 2237 tium
533 2181 939 2241 constitueret:
997 2194 1080 2251 ut,
1124 2182 1173 2240 si
1219 2194 1446 2240 nostros
1490 2180 1763 2258 depulsos
1807 2181 1940 2239 loco
1984 2180 2237 2253 vidisset,
2288 2180 2417 2260 quo⁴

343 2271 538 2330 minus
580 2273 761 2332 libere
813 2274 1003 2334 hostes
1050 2274 1507 2349 insequerentur,
1536 2285 1793 2332 terreret.
1874 2272 2016 2350 Ipse‘
2047 2273 2286 2350 paulum
2334 2294 2404 2332 ex

347 2384 418 2423 eo
444 2366 575 2429 loco
602 2386 733 2424 curn
764 2367 991 2444 legione
1018 2384 1370 2443 progressus,
1396 2366 1495 2423 ubi
1524 2366 1878 2438 constiterat,
1901 2379 2167 2423 eventum
2193 2384 2404 2443 pugnae
2446 2400 2449 2403 -

346 2459 728 2533 exspectabat.

427 2549 492 2608 L.
561 2550 766 2611 Quum
826 2549 1104 2608 acerrime
1172 2550 1436 2607 cominus
1487 2562 1859 2626 pugnaretur,
1915 2550 2106 2607 hostes
2163 2550 2295 2607 loco
2347 2562 2402 2607 et

347 2660 608 2710 numero,
639 2642 816 2699 nostri
859 2642 1067 2698 virtute
1109 2640 1498 2709 confiderent3
1542 2641 1733 2699 subito
1775 2653 1909 2699 sunt
1946 2641 2127 2700 AEdui
2175 2642 2302 2713 visi,
2333 2642 2404 2698 ab

346 2732 524 2789 latere
551 2734 760 2808 nostris
791 2743 1003 2807 aperto,
1032 2751 1175 2806 quos
1220 2732 1415 2789 Caesar
1462 2733 1532 2789 ab
1572 2733 1770 2791 dextra
1812 2744 1970 2808 parte
2013 2733 2125 2791 alio
2162 2752 2401 2790 ascensu

348 2825 551 2881 maniis
605 2823 943 2881 distinendae
1000 2824 1176 2880 causa
1230 2824 1479 2882 miserat.
1566 2823 1646 2881 Hi
1692 2825 2068 2883 similitudine
2116 2844 2400 2882 armorum

347 2914 711 2971 vehementer
740 2925 963 2971 nostros
1002 2926 1469 2989 perterruerunt:
1516 2904 1604 2986 ac,
1634 2916 1856 2973 tametsi
1900 2916 2113 2973 dextris
2151 2917 2404 2974 humeris

347 3005 584 3062 exsertis
613 3006 1224 3077 animadvertebantur,
1249 3007 1399 3082 quod
1432 3008 1657 3084 insigne
1683 3008 1902 3083 pacatis
1923 3025 2049 3065 esse
2071 3007 2399 3078 consuerat,

346 3109 537 3153 tamen
569 3098 625 3154 id
656 3098 840 3172 ipsum
887 3096 975 3153 sui
1020 3096 1253 3156 fallendi
1299 3099 1476 3156 causa
1520 3099 1730 3156 milites
1775 3099 1844 3155 ab
1889 3099 2145 3156 hostibus
2187 3100 2401 3156 sactum

346 3187 761 3244 existimabant.
847 3186 1067 3244 Eodem
1095 3197 1350 3262 tempore
1379 3186 1445 3244 L.
1476 3187 1694 3244 Fabius
1726 3188 1989 3244 centurio
2029 3186 2242 3261 quique
2286 3187 2401 3243 una

348 3298 570 3335 murum
641 3279 1037 3353 ascenderant,
1104 3278 1482 3336 circumventi
1549 3290 1718 3354 atque
1771 3278 2057 3336 interfecti
2111 3278 2183 3334 de
2239 3262 2403 3336 riiuro

348 3371 788 3447 praecipitantur.
876 3369 958 3426 M.
1002 3369 1282 3440 Petreius,
1326 3370 1582 3445 ejusdem
1620 3370 1865 3446 legionis
1907 3369 2190 3440 centurio,
2224 3389 2400 3443 quum

347 3474 537 3539 portas
563 3461 829 3518 excidere
868 3472 1108 3518 conatus
1149 3473 1317 3531 esset,
1350 3481 1383 3517 a
1422 3461 1788 3518 multitudine
1828 3480 2151 3536 oppressuS,
2182 3480 2252 3519 ac
2293 3462 2401 3518 sibi

350 3555 673 3629 desperans,
704 3554 898 3610 multis
933 3553 1049 3628 jam
1093 3552 1424 3610 vulneribus
1467 3552 1739 3627 acceptiS,
1770 3553 2223 3627 manipularibus
2263 3554 2400 3623 suis,

350 3647 444 3721 qui
477 3646 630 3703 illum
662 3646 845 3703 secuti
876 3656 1058 3716 erant,
1089 3652 1125 3677 “
1148 3644 1476 3719 quoniam,”
1510 3644 1715 3718 inquit,
1759 3651 1796 3676 “
1816 3662 1908 3701 me
1950 3643 2065 3701 una
2105 3645 2400 3702 vobiscum

350 3757 572 3796 servare
600 3758 713 3795 non
741 3756 994 3812 possum,
1025 3748 1223 3793 vestrae
1253 3737 1483 3810 quidem
1515 3733 1671 3791 certe
1702 3736 1830 3791 vitae
1866 3736 2232 3809 prospiciam,
2263 3755 2403 3810 quos

351 3829 662 3901 cupiditate
707 3813 901 3905 gloriae
953 3828 1233 3884 adductus
1288 3827 1343 3883 in
1390 3826 1710 3900 periculum
1767 3826 1994 3883 deduxi.
2079 3827 2220 3895 Vos,
2270 3827 2401 3885 data

352 3919 639 3986 facultate,
697 3921 855 3977 vobis
897 3918 1235 3975 consulite.''
1322 3917 1504 3995 Simul
1560 3917 1616 3973 in
1670 3916 1887 3973 medios
1942 3917 2133 3979 hostes
2183 3917 2402 3994 irrupit.
