2747 4376
317 300 434 363 ιω
983 298 1081 349 nn
1120 298 1355 349 annno
1400 297 1721 349 sabuco
1984 299 2147 365 [mr.
2176 298 2371 351 ⁵8—61

1938 382 1972 413 0

314 441 635 521 perterritis
660 442 982 521 oppidanis,
1010 461 1254 518 quorum
1301 461 1515 520 magna
1557 460 1691 520 pars
1733 452 1855 500 erat
1896 442 1969 500 ad
2011 440 2232 499 bellum
2259 459 2388 499 evo·

315 546 468 605 cata,
514 535 644 593 sine
682 535 1056 594 contentione
1095 535 1308 611 oppido
1351 535 1586 611 potitur.
1669 534 1925 592 Refecto
1967 545 2168 611 ponte,
2212 550 2387 608 quem

316 627 708 704 superioribus
734 626 940 684 diebus
965 626 1158 685 hostes
1188 626 1566 698 resciderunt,
1594 626 1912 684 exercitum
1953 625 2299 697 transducit,
2328 634 2390 683 et

317 716 578 777 secundo
622 717 860 776 flumine
899 717 973 775 ad
1020 717 1311 776 Lutetiam
1354 717 1463 775 iter
1507 717 1699 775 facere
1752 718 1945 792 coepit.
2029 716 2268 788 Hostes,
2323 734 2392 774 re

319 809 558 887 cognita
608 810 681 867 ab
727 809 820 881 iis,
848 809 949 885 qui
996 828 1034 866 a
1074 808 1396 867 Meloduno
1433 809 1826 886 profugerant,
1856 807 2147 866 Lutetiam
2187 807 2366 866 incen

318 900 484 973 dunt,
527 912 846 977 pontesque
887 901 1015 978 ejus
1058 899 1257 977 oppidi
1305 900 1557 959 rescindi
1600 900 1840 977 jubent:
1898 899 2009 976 ipsi
2061 900 2309 976 profecti
2356 918 2393 957 a

317 992 548 1069 palude,
577 992 638 1051 in
679 993 821 1068 ripis
866 994 1173 1069 Sequanoe,
1211 1009 1246 1051 e
1291 993 1531 1069 regione
1576 991 1844 1064 Lutetiae,
1893 1002 2096 1050 contra
2137 991 2388 1049 Labien·

319 1096 510 1143 castra
546 1084 872 1143 considunt.

401 1175 564 1235 LIX.
619 1176 656 1234 J
662 1195 752 1234 am
780 1176 977 1235 Caesar
1005 1193 1041 1234 a
1062 1175 1355 1254 Gergovia
1383 1167 1717 1234 discessisse
1747 1173 2124 1233 audiebatur:
2161 1174 2284 1252 jam
2312 1174 2391 1233 de

322 1266 1002 1328 AEduorum—defectione
1041 1278 1101 1326 et
1139 1267 1401 1326 secundo
1436 1266 1641 1325 Galliae
1682 1277 1842 1325 motu
1890 1285 2150 1325 rumores
2191 1267 2392 1325 affere-

323 1360 553 1433 bantur,
593 1360 862 1435 Gallique
902 1359 961 1417 in
1004 1358 1344 1435 colloquiis,
1370 1358 1788 1417 ‘interclusum
1835 1358 2041 1417 itinere
2087 1369 2146 1416 et
2186 1357 2390 1435 Ligeri

324 1451 636 1524 Caesarem,
665 1451 859 1528 inopia
889 1450 1160 1509 frumenti
1190 1461 1481 1522 coactum,
1511 1450 1570 1507 in
1598 1450 1953 1526 provinciam
1982 1449 2385 1508 contendisse'

324 1544 759 1602 confirmabant.
841 1542 1132 1601 Bellovaci
1163 1552 1378 1626 autem,
1406 1541 1734 1600 defectione
1761 1540 2087 1599 AEduorum
2126 1541 2388 1619 cognita,

321 1633 425 1709 qui
454 1633 588 1692 ante
617 1645 781 1693 erant
804 1652 906 1711 per
933 1652 999 1692 se
1025 1633 1306 1706 infideles,
1335 1652 1541 1692 manus
1568 1651 1779 1710 cogere
1822 1643 1992 1708 atque
2033 1631 2228 1709 aperte
2272 1633 2390 1691 bel·

323 1724 445 1783 lum
472 1743 673 1801 parare
701 1736 1017 1801 coeperunt.
1098 1725 1259 1784 Tum
1296 1724 1611 1798 LabienuS,
1638 1725 1801 1783 tanta
1840 1743 2032 1783 rerum
2074 1736 2389 1792 commuta·

323 1817 505 1889 tione,
532 1815 705 1893 longe
737 1816 891 1875 aliud
920 1817 1032 1876 sibi
1061 1818 1408 1895 capiendum
1435 1817 1764 1889 consilium,
1793 1827 1966 1892 atque
2003 1827 2173 1874 antea
2199 1835 2388 1875 sense-

325 1916 432 1979 rat,
473 1907 865 1985 intelligebat:
908 1928 1097 1985 neque
1134 1909 1276 1987 jam,
1327 1920 1394 1967 ut
1442 1908 1660 1984 aliquid
1703 1908 2045 1984 acquireret,
2070 1908 2389 1984 proelioque
2413 1927 2435 1948 ⁸

326 1998 519 2057 hostes
569 1998 898 2071 lacesseret,
953 2001 1054 2059 sed
1109 2012 1173 2059 ut
1226 2000 1594 2064 incolumem,
1631 2001 1951 2086 exercitum
2017 1999 2388 2077 Agendicum

325 2089 647 2161 reduceret,
680 2091 989 2168 cogitabat.
1070 2090 1342 2167 Namque
1384 2092 1560 2150 alterii
1603 2109 1676 2149 ex
1713 2102 1875 2168 parte
1917 2091 2237 2164 Bellovaci,
2260 2110 2388 2166 quae

326 2181 530 2241 civitas
558 2183 615 2242 in
643 2183 834 2242 Gallia
864 2183 1170 2242 maximam
1198 2183 1372 2243 habet
1412 2183 1745 2261 opinionem
1786 2183 2032 2257 virtutis,
2062 2181 2386 2256 instabant3

327 2274 563 2333 alteram
590 2274 1022 2353 Camulogenus
1047 2286 1247 2351 parato
1283 2286 1455 2351 atque
1495 2275 1778 2334 instructo
1816 2275 2072 2334 exercitu
2114 2276 2388 2334 tenebat:

326 2375 448 2425 turn
477 2366 755 2444 legiones,
786 2387 821 2425 a
844 2367 1115 2443 praesidio
1140 2377 1312 2441 atque
1352 2367 1781 2443 impedimentis
1816 2367 2184 2439 interclusas,
2212 2367 2390 2427 maxi·

323 2476 485 2517 mum
514 2459 729 2517 flumen
756 2459 1083 2518 distinebat.
1164 2457 1380 2517 Tantis
1417 2458 1609 2517 subito
1650 2459 2085 2518 difficultatibus
2123 2459 2389 2535 objectis,

327 2550 401 2608 ab
428 2550 606 2608 animi
634 2551 841 2609 virtute
871 2550 1146 2609 auxilium
1171 2551 1485 2626 petendum
1514 2551 1761 2609 videbat.

404 2641 535 2700 Lx.
589 2642 793 2718 Itaque
845 2642 953 2700 sub
1005 2660 1305 2718 vesperum
1347 2642 1592 2700 consilio
1645 2653 1986 2714 convocato,
2034 2641 2389 2715 cohortatus,

323 2743 389 2791 ut
429 2750 519 2804 ea,
562 2752 689 2808 quae
730 2733 1087 2808 imperasset,
1116 2733 1422 2810 diligenter
1463 2731 1860 2809 industrieque
1903 2732 2387 2813 administrarent,

321 2841 517 2894 naves,
545 2841 689 2898 quas
717 2842 751 2881 a
777 2822 1096 2881 Meloduno
1121 2824 1456 2897 deduxerat,
1484 2824 1743 2902 singulas
1769 2825 2064 2900 equitibus
2082 2824 2389 2883 ‘Romanis

323 2913 601 2986 attribuit,
648 2925 708 2973 et
751 2913 938 2991 prima
993 2915 1261 2973 confecta
1314 2915 1535 2993 vigilia,
1582 2925 1826 2991 quatuor
1881 2916 2063 2974 millia
2113 2935 2388 2992 passuum

322 3005 582 3064 secundo
624 3005 860 3064 flumine
904 3006 1173 3083 progredi
1221 3006 1471 3080 silentio,
1501 3007 1696 3082 ibique
1741 3025 1805 3065 se
1847 3008 2167 3083 exspectari
2200 3006 2384 3085 jubet.

320 3095 604 3172 Quinque
658 3097 952 3170 cohortes,
993 3117 1137 3173 quas
1177 3098 1416 3156 minime
1471 3099 1664 3157 firmas
1705 3099 1777 3156 ad
1817 3098 2212 3157 dimicandum
2259 3117 2389 3158 esse

319 3187 703 3262 existimabat,
723 3190 928 3248 castris
948 3190 1214 3266 praesidio
1234 3189 1508 3265 relinquit
1528 3210 1544 3249 t
1572 3190 1828 3266 quinque
1855 3189 2111 3267 ejusdem
2138 3190 2389 3267 legionis

221 3270 234 3283 '
321 3279 572 3355 reliquas
610 3281 683 3338 de
728 3281 918 3339 media
962 3291 1133 3339 nocte
1180 3301 1314 3339 cum
1357 3281 1627 3339 omnibus
1671 3276 2097 3359 impedimeritis
2147 3282 2390 3340 adverso

321 3369 560 3429 flumine
605 3390 817 3449 magno
868 3372 1116 3431 tumultu
1161 3372 1453 3449 proficisci
1500 3372 1759 3450 imperat.
1843 3372 2154 3449 Conquirit
2208 3372 2386 3431 etiam

319 3460 537 3521 lintres.
620 3462 765 3536 Has,
818 3482 1032 3541 magno
1083 3464 1275 3523 sonitu
1327 3483 1633 3522 remorum.
1677 3464 1968 3536 incitatas,
2024 3464 2085 3522 in
2138 3463 2384 3522 eandem

318 3565 540 3632 partem
580 3554 772 3614 mittit.
851 3554 983 3631 Ipse
1022 3553 1154 3631 post
1191 3555 1386 3632 paulo,
1429 3555 1659 3614 silentio
1697 3574 1981 3632 egressus,
2026 3574 2162 3614 cum
2200 3555 2386 3614 tribus

318 3643 645 3723 legionibus
671 3664 803 3704 eum
831 3645 1025 3704 locum
1050 3646 1213 3722 petit,
1242 3646 1356 3722 quo
1387 3665 1562 3705 naves
1590 3647 1796 3723 appelli
1819 3647 2085 3723 jusserat.
2138 3662 2141 3663 ’

400 3736 561 3796 LXI.
617 3737 707 3796 Εό
736 3756 912 3813 quum
940 3748 1090 3796 esset
1117 3750 1369 3809 ventum,
1399 3738 1785 3813 exploratores
1825 3738 2098 3811 hostium,
2127 3749 2194 3797 ut
2220 3756 2384 3797 omni

319 3826 573 3888 flu‘minis
610 3839 771 3904 parte
809 3840 974 3887 erant
1011 3828 1290 3903 dispositi,
1319 3826 1889 3904 inopinantes,‚quod
1930 3847 2144 3907 magna
2183 3827 2380 3889 subito

318 3929 443 3977 erat
466 3930 668 3978 coorta
704 3930 1033 3997 tempestas,
1061 3919 1134 3977 ab
1164 3918 1375 3977 nostris
1413 3918 1848 3995 opprimuntur:
1904 3920 2196 3980 exercitus
2222 3921 2363 3995 eqni.
