2747 4376
380 309 461 367 94
1038 305 1134 355 DE
1178 304 1413 355 BELLO
1460 305 1780 356 GALLICO
2050 306 2210 372 [Car.
2243 307 2445 357 55—57.

462 449 586 508 LV.
641 448 871 506 Treviri
902 448 1037 507 vero
1070 461 1240 524 atque
1280 448 1713 508 Indutiomarus
1751 450 1929 508 totius
1972 449 2184 508 hiemis
2225 449 2445 507 nullum

381 554 606 617 tempus
654 541 1101 613 intermiserunt,
1144 542 1281 616 quin
1331 553 1489 599 trans
1537 542 1815 599 Rhenum
1862 543 2083 618 legatos
2130 541 2443 613 mitterent,
2486 581 2499 590 κ

382 634 642 690 civitates
670 634 1063 704 sollicitarent,
1093 635 1369 708 pecunias
1395 635 1824 709 pollicerentur,
1854 635 2066 710 magna
2096 643 2259 709 parte
2289 652 2444 690 exer-

380 726 531 781 citfis
558 725 736 781 nostri
767 725 1090 795 interfecta,
1121 715 1301 782 multo
1348 726 1630 783 minorem
1675 745 1974 802 superesse
2016 726 2280 783 dicerent
2317 745 2444 801 par-

377 826 511 873 tem.
594 815 805 891 Neque
831 826 1023 874 tamen
1052 817 1154 875 ulli
1183 818 1402 876 civitati
1429 818 1849 875 Germanorum
1871 818 2205 894 persuaderi
2231 819 2441 893 potuit,

378 919 442 964 ut
471 907 746 965 Rhenum
774 908 1061 980 transiret,
1091 928 1268 983 quum
1298 916 1313 941 ‘
1337 928 1401 967 se
1442 910 1530 967 bis
1571 919 1832 985 expertos
1854 910 1868 936 ’
1914 909 2195 980 dicerent,
2225 916 2241 943 ‘
2269 909 2421 968 Ario

380 1000 508 1058 visti
536 1000 687 1057 bello
714 1010 771 1058 et
810 999 1313 1058 Tenclrtherorum
1357 1001 1620 1071 transitu,
1649 1019 1766 1057 non
1810 1019 1936 1058 esse
1979 1000 2223 1076 amplius
2263 1001 2442 1058 fortu-

376 1110 509 1147 nam
538 1091 905 1149 tentandam!
993 1092 1124 1148 Hac
1165 1110 1266 1167 spe
1305 1093 1499 1168 lapsus
1540 1091 1989 1163 IndutiomaruS,
2020 1091 2202 1150 nihilo
2230 1085 2439 1151 'minus

377 1182 573 1258 copias
609 1201 837 1260 cogere,
867 1202 1154 1255 exercere,
1186 1202 1222 1241 a
1244 1183 1504 1241 finitimis
1544 1201 1723 1258 equos
1760 1201 1983 1260 parare,
2013 1184 2239 1241 exsules
2279 1184 2438 1240 dam-

375 1286 652 1350 natosque
679 1275 800 1332 tota
827 1275 1017 1331 Gallia
1045 1276 1269 1352 magnis
1293 1276 1545 1351 praemiis
1575 1275 1661 1331 ad'
1685 1293 1749 1332 se
1791 1275 2023 1332 allicere
2063 1275 2254 1349 coepit.
2339 1276 2436 1334 Ac

374 1376 592 1423 tantam
620 1366 730 1424 sibi
751 1366 871 1443 jam
900 1367 971 1424 iis
998 1366 1169 1426 rebus
1210 1367 1270 1423 in
1309 1367 1501 1424 Gallia
1545 1367 1941 1424 auctoritatem
1984 1376 2434 1441 comparaverat,

375 1468 438 1514 ut
494 1458 748 1533 undique
798 1458 869 1514 ad
918 1477 1049 1552 eum
1104 1458 1422 1535 legationes
1476 1468 1908 1529 concurrerent,
1962 1457 2203 1534 gratiam
2260 1468 2434 1532 atque

376 1550 689 1606 amicitiam
716 1548 947 1624 publice
976 1550 1354 1625 privatimque
1380 1559 1657 1625 peterent.

454 1639 609 1697 LVI.
666 1640 779 1698 Ubi
812 1641 1089 1699 intellexit
1117 1642 1266 1699 ultro
1296 1642 1365 1698 ad
1407 1659 1469 1698 se
1517 1640 1719 1712 veniri,
1751 1640 1929 1697 altera
1976 1658 2048 1698 ex
2086 1651 2247 1716 parte
2288 1642 2434 1699 Sen-

370 1750 513 1789 ones
541 1730 938 1806 Carnutesque
966 1733 1324 1790 conscientia
1351 1732 1626 1790 facinoris
1655 1732 1934 1809 instigari,
1968 1732 2145 1790 altera
2181 1732 2433 1791 Nervios

372 1823 827 1897 Aduatucosque
867 1824 1080 1881 bellum
1123 1824 1409 1881 Romanis
1454 1843 1675 1900 parare,
1704 1842 1893 1898 neque
1930 1824 2041 1882 sibi
2087 1824 2432 1883 voluntario-

371 1933 499 1973 rum
529 1915 724 1990 copias
751 1914 966 1987 defore,
996 1916 1045 1973 si
1073 1934 1144 1973 ex
1184 1916 1395 1973 finibus
1435 1916 1556 1973 suis
1595 1915 1863 1992 progredi
1903 1915 2205 1990 coepisset;
2251 1935 2434 1974 arma-

370 2019 491 2066 tum
524 2006 834 2066 concilium
865 2006 1090 2079 indicit,
1122 2007 1261 2085 (hoc
1300 2026 1460 2065 more
1505 2008 1803 2065 Gallorum
1844 2018 1931 2065 est
1970 2007 2199 2065 initium
2239 2007 2429 2088 belli,)

371 2099 486 2175 quo
515 2101 644 2177 lege
671 2099 964 2157 communi
985 2118 1186 2157 omnes
1211 2100 1457 2175 puberes
1483 2099 1684 2156 armati
1713 2098 2021 2157 convenire
2042 2096 2429 2169 consuerunt3

370 2193 468 2267 qui
499 2212 570 2250 ex
600 2192 668 2250 iis
695 2193 1038 2250 novissimus
1074 2191 1247 2263 venit,
1278 2191 1337 2248 in
1380 2201 1696 2268 conspectu
1737 2190 2119 2249 multitudinis
2159 2192 2431 2249 omnibus

371 2284 724 2342 cruciatibus
780 2284 1017 2342 affectus
1058 2294 1313 2341 necatur.
1417 2283 1488 2341 In
1542 2302 1614 2341 eo
1667 2282 1920 2341 concilio
1971 2282 2428 2359 Cingetorigem,

371 2377 605 2434 alterius
643 2377 964 2453 principem
993 2375 1278 2447 sactioniS,
1307 2394 1585 2452 generum
1614 2393 1803 2446 suum,
1836 2373 2032 2451 (quem
2073 2372 2246 2449 supra
2274 2375 2431 2432 dem-

368 2468 768 2540 onstravimuS,
824 2468 1071 2525 Caesaris
1111 2477 1371 2524 secutum
1417 2466 1608 2538 fldem,
1660 2466 1731 2522 ab
1771 2484 1843 2524 eo
1882 2484 1998 2522 non
2042 2465 2427 2546 discessisse,)

369 2560 590 2618 hostem
611 2561 853 2637 judicat,
884 2560 1147 2634 bonaque
1174 2560 1297 2636 ejus
1328 2559 1602 2635 publicat.
1687 2557 1800 2615 His
1835 2558 2007 2615 rebus
2034 2557 2334 2630 confectiS,
2366 2559 2427 2616 in

369 2653 620 2709 concilio
647 2651 1009 2727 pronunciat,
1042 2652 1377 2720 arcessitum
1419 2668 1481 2707 se
1526 2669 1559 2706 a
1602 2649 1930 2706 Senonibus
1972 2658 2036 2706 et
2071 2649 2428 2707 Carnutibus

326 2780 330 2784 -
370 2744 608 2817 aliisque
636 2743 1028 2819 compluribus
1067 2743 1270 2800 Galliae
1313 2741 1662 2812 civitatibus,
1691 2740 1957 2798 huc-iter
1998 2740 2283 2798 facturum
2322 2761 2426 2817 per

366 2834 510 2892 fines
549 2833 887 2906 Remorum,
917 2852 1231 2909 eorumque
1272 2853 1440 2911 agros
1477 2832 1901 2909 populaturum,
1934 2851 2002 2890 ac
2040 2830 2221 2908 priuS,
2251 2831 2425 2908 quam

367 2923 426 2982 id
497 2924 688 2997 faciat,
743 2925 986 2983 Labieni
1055 2938 1244 2983 castra
1307 2935 1809 3002 oppugnaturum:
1878 2943 2005 2999 quae
2074 2923 2199 2982 fieri
2266 2925 2423 2997 velit,

366 3016 642 3091 praecipit.
2210 3025 2239 3031 “

446 3107 632 3165 LVII.
689 3107 981 3167 Labienus
1007 3130 1184 3184 quum
1211 3121 1269 3168 et
1308 3109 1425 3167 loci
1465 3109 1670 3167 natura
1712 3119 1770 3166 et
1809 3126 1982 3165 manu
2025 3107 2424 3166 munitissimis

366 3198 569 3256 castris
595 3218 721 3257 sese
748 3211 987 3271 teneret,
1016 3202 1088 3259 de
1124 3221 1230 3258 suo
1271 3221 1338 3259 ac
1379 3200 1624 3278 legionis
1662 3199 1922 3276 periculo
1961 3199 2104 3256 nihil
2146 3199 2419 3271 timebat3

365 3308 441 3346 ne
484 3309 656 3365 quarn
698 3291 1067 3349 occasionem
1110 3292 1192 3350 rei
1240 3293 1390 3350 bene
1430 3281 1695 3369 gerendae
1737 3290 2069 3361 dimitteret,
2111 3290 2417 3367 cogitabat.

364 3379 567 3456 Itaque
596 3400 629 3438 a
656 3381 1030 3459 Cingetorige
1060 3394 1229 3458 atque
1256 3383 1379 3460 ejus
1406 3383 1740 3459 propinquis
1761 3383 2019 3440 oratione
2040 3382 2416 3440 Indutiomari

365 3472 619 3550 cognita,
649 3492 817 3549 quam
848 3474 908 3531 in
937 3475 1187 3533 concilio
1216 3476 1511 3547 habuerat,
1540 3474 1785 3532 nuncios
1821 3473 1995 3532 mittit
2037 3473 2109 3531 ad
2149 3473 2418 3531 finitimas

365 3565 646 3636 civitateS,
702 3566 1040 3640 equitesque
1091 3567 1346 3642 undique
1401 3576 1635 3625 evocat:
1686 3566 1757 3623 iis
1811 3577 2030 3624 certum
2086 3565 2238 3622 diem
2282 3584 2416 3623 con-

363 3657 632 3715 vemendi
676 3657 838 3716 dicit.
941 3657 1180 3715 Interim
1222 3678 1401 3734 prope
1446 3657 1710 3735 ‚quotidie
1758 3677 1893 3714 cum
1946 3656 2102 3714 omni
2157 3657 2412 3732 equitatu

362 3746 789 3806 Indutiomarus
837 3750 944 3807 sub
991 3750 1194 3807 castris
1241 3750 1363 3825 ejus
1409 3750 1741 3826 vagabatur,
1792 3747 1936 3806 alias
1977 3759 2041 3806 ut
2081 3747 2253 3805 situm
2296 3768 2410 3806 cas·

363 3850 580 3898 trorum
629 3836 1022 3918 cognosceret,
1074 3840 1217 3898 alias
1270 3840 1635 3914 colloquendi
1692 3850 1788 3896 aut
1839 3838 2137 3897 territandi
2193 3839 2408 3897 causa:

363 3942 585 4005 equites
611 3930 943 4007 plerumque
985 3951 1184 3989 omnes
1224 3932 1336 3989 tela
1383 3931 1530 3987 intra
1570 3931 1778 3987 vallum
1821 3925 2247 4005 conjiciebant.⁴
2308 3930 2415 3988 La·
