2747 4376
321 265 437 328 1ae
972 263 1070 313 DE
1113 262 1348 313 BELLO
1396 263 1715 314 GALLICO
2000 263 2163 329 [Car.
2186 264 2276 326 35,
2297 264 2403 314 ³6.-

318 398 544 488 magnis
589 405 808 466 Caesari
851 406 1285 465 difficultatibus
1327 426 1439 477 res,
1469 425 1543 464 ne
1587 405 1859 482 majorem
1904 406 2120 465 aestatis
2161 417 2393 483 partem
2452 419 2457 422 ’

317 500 557 560 flumine
595 498 1003 575 impediretur3
1063 498 1219 574 quod
1274 518 1390 555 non
1440 497 1559 556 fere
1609 509 1741 555 ante
1785 508 2126 556 autumnum
2173 498 2396 556 Elaver

316 591 473 650 vado·
488 590 717 649 transiri
744 590 905 648 solet.
988 589 1211 665 Itaque,
1242 608 1314 647 ne
1357 590 1416 647 id
1461 589 1771 660 accideret,
1799 588 2042 647 silvestri
2084 590 2219 647 loco
2260 608 2396 648 cas-

317 682 420 741 tris
446 682 666 758 positiS,
695 700 729 739 e
756 681 993 758 regione
1021 681 1193 739 unius
1220 700 1421 739 eorum
1445 680 1730 757 pontium,
1762 699 1907 757 quos
1936 681 2388 759 Vercingetorix

317 773 728 831 rescindendos
776 784 1093 844 curaverat,
1121 785 1350 849 postero
1391 772 1486 830 die
1526 791 1662 829 cum
1701 771 1767 829 Π
1803 771 2129 849 legionibus
2176 773 2238 831 in
2285 789 2401 830 oc-‘

318 864 476 922 culto
520 864 763 934 restitit3
807 864 1055 940 reliquas
1103 864 1300 940 copias
1343 883 1478 922 cum
1520 863 1788 921 omnibus
1829 864 2275 940 impedimentis,
2318 875 2387 921 ut

318 966 711 1027 consueverat,
740 955 914 1027 misit,
957 955 1140 1031 captis
1182 955 1527 1030 quibusdam
1567 951 1925 1027 cohortibuS,
1971 954 2053 1013 uti
2103 975 2390 1014 numerus

317 1046 611 1125 legionum
654 1057 919 1105 constare
967 1046 1269 1105 videretur.
1355 1046 1489 1117 His,
1518 1045 1693 1122 quam
1743 1045 2080 1124 longissime
2122 1042 2383 1124 possent,

319 1139 587 1217 progredi
609 1139 801 1216 jussis,
830 1157 1008 1214 quum
1029 1137 1148 1214 jam
1175 1157 1249 1196 ex
1274 1137 1392 1196 diei
1419 1150 1676 1215 tempore
1704 1138 2096 1214 conjecturam
2124 1150 2382 1216 caperet,

322 1231 383 1290 in
410 1242 598 1289 castra
637 1240 993 1307 perventum,
1024 1229 1229 1287 iisdem
1271 1229 1532 1303 subliciS,
1561 1248 1802 1306 quarum
1844 1249 1977 1306 pars
2017 1229 2251 1289 inferior
2296 1231 2384 1288 in-

318 1332 483 1400 tegra
534 1322 884 1394 remanebat,
936 1331 1171 1397 pontem
1238 1321 1478 1379 reficere
1539 1320 1730 1397 coepit.
1839 1321 2119 1380 Celeriter
2170 1322 2381 1380 effecto

318 1434 511 1491 opere,
539 1414 976 1492 legionibusque
1003 1412 1371 1485 transductis,
1401 1424 1457 1471 et
1486 1414 1618 1471 loco
1645 1412 1849 1471 castris
1877 1412 2088 1471 idoneo
2127 1413 2376 1485 delecto,

318 1508 568 1583 reliquas
595 1506 792 1583 copias
818 1504 1122 1563 revocavit.
1208 1504 1671 1582 Vercingetorix,
1699 1522 1762 1563 re
1791 1503 2046 1581 cognita,
2073 1523 2148 1563 ne
2174 1515 2377 1563 contra

318 1618 482 1657 suam
529 1597 879 1657 voluntatem
922 1595 1199 1654 dimicare
1241 1607 1564 1673 cogeretur,
1614 1595 1838 1673 magnis
1880 1595 2180 1654 itineribus
2222 1608 2379 1655 ante-

318 1689 508 1758 cessit.

397 1779 689 1838 XXXVI.
744 1779 939 1838 caesar
968 1799 1038 1838 ex
1080 1799 1150 1838 eo
1190 1780 1322 1838 loco
1362 1779 1578 1855 quintis
1620 1779 1824 1837 castris
1865 1778 2212 1856 Gergoviam
2250 1797 2376 1855 per-

318 1870 493 1944 venit,
521 1871 883 1947 equestrique
910 1872 1113 1948 proelio
1139 1891 1211 1930 co
1238 1872 1332 1930 die
1359 1872 1470 1930 levi
1500 1871 1672 1942 facto,
1698 1881 2001 1948 perspecto
2039 1869 2200 1928 urbis
2238 1871 2374 1943 situ,

318 1981 465 2039 quae,
491 1963 682 2041 posita
708 1962 768 2021 in
798 1963 1073 2022 altissimo
1100 1974 1315 2035 monte,
1344 1982 1547 2022 omnes
1575 1963 1763 2026 aditus
1803 1962 2069 2020 difficiles
2108 1962 2375 2034 habebat,

318 2055 390 2113 de
417 2055 842 2133 expugnatione
867 2055 1220 2131 desperavit3
1264 2056 1338 2114 de
1363 2037 1695 2114 obsessione
1731 2074 1847 2113 non
1886 2054 2049 2131 prius
2082 2053 2376 2132 'agendum

317 2147 634 2220 constituit,
690 2145 863 2224 quam
924 2166 1043 2207 rem
1106 2147 1537 2207 frumentariam
1594 2144 1931 2224 expedisset.
2014 2146 2097 2205 At
2136 2146 2379 2205 Vercin-

315 2240 558 2317 getorix,
608 2240 812 2298 castris
849 2258 1026 2316 prope
1065 2239 1338 2316 oppidum
1393 2239 1452 2297 in
1494 2249 1688 2297 monte
1725 2239 1947 2316 positiS,
1989 2238 2379 2298 mediocribus

317 2331 538 2391 circum
587 2351 650 2391 se
698 2331 1009 2390 intervallis
1055 2330 1361 2407 separatim
1404 2330 1759 2408 singularum
1806 2331 2124 2390 civitatium
2181 2331 2378 2409 copias

316 2423 737 2496 collocaverat3
781 2434 951 2499 atque
993 2422 1260 2482 omnibus
1300 2421 1425 2498 ejus
1458 2421 1585 2499 jugi
1627 2422 1875 2480 collibus
1912 2423 2232 2500 occupatiS,
2261 2422 2376 2499 qua

317 2516 536 2594 despici
588 2527 831 2594 poterat,
887 2515 1216 2574 horribilem
1271 2513 1526 2590 speciem
1577 2514 1906 2590 praebebat:
1973 2515 2379 2592 principesque

316 2627 515 2667 earum
543 2608 882 2678 civitatium,
911 2626 1054 2682 quos
1081 2606 1190 2664 sibi
1220 2605 1290 2663 ad
1327 2605 1633 2664 consilium
1676 2605 2021 2683 capiendum
2064 2607 2374 2684 delegerat,

315 2699 504 2777 prima
531 2700 665 2758 luce
691 2698 948 2775 quotidie
977 2698 1048 2755 ad
1089 2716 1152 2755 se
1185 2697 1426 2774 jubebat
1466 2697 1796 2769 convenire,
1826 2717 1926 2756 seu
1957 2697 2095 2773 quid
2125 2716 2378 2756 commu-

317 2790 651 2861 nicandum,
697 2808 802 2848 seu
843 2788 982 2864 quid
1028 2788 1541 2864 administrandum
1588 2789 1913 2847 videretur:
1962 2808 2152 2865 neque
2195 2789 2374 2848 ullum

320 2879 439 2941 sere
482 2881 634 2939 diem
677 2880 1108 2951 intermittebat,
1137 2881 1276 2955 quin
1318 2880 1567 2956 equestri
1605 2880 1826 2955 proelio,
1854 2880 2169 2957 interjectis
2209 2872 2376 2958 sagit-

317 2972 498 3044 tariis,
526 2971 664 3047 quid
693 2972 754 3030 in
781 2990 1007 3047 quoque
1037 2984 1184 3029 esset
1222 2972 1396 3030 animi
1440 2990 1509 3029 ac
1549 2972 1773 3030 virtutis
1813 2991 2065 3044 suorum,
2092 2973 2376 3048 periclita-

318 3074 489 3123 retur.
572 3063 714 3121 Erat
739 3082 772 3122 e
801 3064 1037 3140 regione
1065 3064 1258 3140 oppidi
1302 3064 1467 3122 collis
1507 3064 1615 3120 sub
1658 3063 1795 3139 ipsis
1834 3063 2127 3121 radicibus
2166 3065 2376 3122 montis

319 3154 551 3233 egregie
599 3155 874 3227 munituS,
906 3166 1074 3231 atque
1123 3174 1193 3213 ex
1240 3155 1397 3212 omni
1445 3166 1607 3230 parte
1655 3154 2070 3224 circumcisus3
2114 3174 2284 3230 quem
2327 3156 2373 3214 si

317 3257 581 3305 tenerent
606 3247 806 3319 nostri,
836 3258 893 3305 et
922 3266 1081 3320 aquae
1110 3247 1320 3324 magnii
1347 3257 1509 3322 parte
1536 3257 1594 3304 et
1619 3246 1988 3323 pabulatione
2028 3246 2211 3304 libera
2251 3266 2376 3323 pro-

318 3337 555 3397 hibituri
602 3338 796 3397 hostes
839 3339 1208 3409 videbantur3
1264 3339 1365 3397 sed
1414 3338 1463 3397 is
1502 3338 1667 3396 locus
1707 3337 1975 3414 proesidio
2022 3339 2094 3395 ab
2143 3338 2213 3396 iis
2259 3357 2373 3396 non

317 3430 492 3490 nimis
518 3430 682 3488 firmo
709 3431 1047 3488 tenebatur:
1090 3440 1282 3488 tamen
1320 3430 1551 3490 silentio
1590 3430 1778 3487 noctis
1819 3430 2033 3501 Caesar,
2063 3448 2134 3487 ex
2176 3431 2374 3488 castris

321 3541 603 3601 egressus,
631 3520 793 3601 prius
820 3520 992 3598 quam
1034 3521 1292 3581 subsidio
1331 3541 1403 3580 ex
1443 3520 1653 3597 oppido
1691 3519 1874 3578 veniri
1911 3531 2123 3596 posset,
2154 3521 2375 3598 dejecto

319 3613 588 3690 praesidio
632 3614 848 3691 potitus
887 3614 1038 3685 loco,
1084 3612 1228 3695 duas
1270 3613 1351 3671 ibi
1399 3611 1656 3689 legiones
1702 3611 2025 3683 collocavit,
2056 3612 2376 3687 fossamque

320 3707 609 3783 duplicem
638 3706 967 3766 duodenum
994 3705 1206 3782 pedum
1237 3724 1270 3762 a
1296 3704 1607 3780 majoribus
1634 3703 1837 3761 castris
1881 3703 1952 3760 ad
1991 3703 2216 3766 minora
2253 3710 2390 3781 per-'

319 3798 500 3870 duxit,
529 3809 594 3856 ut
619 3795 744 3856 tuto
775 3799 847 3855 ab
875 3791 1175 3872 repentino
1202 3795 1450 3852 hostium
1479 3794 1712 3850 incursu
1755 3793 1928 3855 etiam
1969 3794 2182 3872 singu.i
2224 3815 2353 3853 com

320 3907 511 3947 meare
541 3899 772 3966 possent
