2747 4376
364 327 442 382 4⁶2
1041 324 1132 372 DE
1176 325 1410 374 BELLO
1458 325 1779 374 GALLlco
2045 326 2203 389 [Cn.
2236 326 2443 374 28—31.

366 468 558 543 pueris
587 467 1039 543 mulieribusque
1085 468 1143 526 in
1188 470 1456 527 aestuaria
1502 489 1570 527 ac
1611 470 1853 546 paludes
1894 471 2173 527 collectos
2222 469 2443 526 dixera-

367 576 513 630 mus,
560 560 668 617 hac
709 561 906 637 pugna
955 562 1254 634 nunciata,
1300 574 1501 637 quum·
1525 562 1841 620 victoribus
1881 562 2025 619 nihil
2076 562 2442 638 impeditum,

367 652 534 709 victis
570 652 713 709 nihil
755 662 944 710 tutum
988 653 1424 725 arbitrarentur,
1454 654 1735 726 omnium,
1765 654 1865 729 qui
1913 664 2272 730 supererant,
2304 673 2444 710 con-

371 762 539 801 sensu
568 744 787 821 legatos
818 745 914 803 ad‘
937 746 1230 803 Caesarem
1281 747 1583 818 miserunt,
1613 734 1790 821 seque
1830 746 1884 803 ei
1932 746 2317 816 dediderunt;
2361 757 2440 817 et,

372 855 428 892 m
457 837 963 895 commemoranda
993 837 1244 895 civitatis
1272 838 1622 910 calamitate,
1651 857 1721 895 ex
1750 838 1859 896 DC
1891 837 1961 894 ad
1989 837 2082 895 111
2122 848 2440 909 senatores,

361 944 441 985 ‘ex
467 927 764 986 hominum
793 929 1048 988 millibus
1077 929 1190 987 LX
1217 931 1312 987 vix
1340 931 1413 987 ad
1443 930 1519 1002 D,
1548 930 1647 1005 qui
1673 949 1831 987 arma
1858 930 2007 988 serre
2033 941 2288 1006 possent,
2313 949 2442 988 sese

371 1020 632 1078 redactos
676 1040 802 1079 esse
846 1021 1128 1080 dixerunt.
1210 1023 1385 1084 Quos
1432 1022 1648 1092 Caesar,
1695 1033 1760 1079 ut
1805 1020 2155 1080 in³miseros
2197 1040 2268 1080 ac
2310 1043 2443 1098 sup-

369 1113 548 1190 plices
595 1132 735 1171 usus
781 1114 1181 1172 misericordia
1224 1115 1533 1183 videretur,
1566 1113 2006 1191 diligentissime
2058 1116 2439 1187 conservavit,

369 1207 602 1281 suisque
629 1207 841 1264 finibus
870 1217 1041 1282 atque
1069 1207 1294 1283 oppidis
1324 1207 1409 1264 uti
1432 1207 1622 1283 jussit,
1653 1218 1710 1264 et
1737 1206 1998 1264 finitimis
2027 1207 2348 1284 imperavit,
2379 1218 2440 1264 ut

370 1299 442 1354 ab
471 1297 680 1375 injuria
709 1309 767 1356 et
794 1298 1171 1356 maleficiose
1200 1318 1449 1373 suosque
1475 1298 1865 1375 prohiberent.
1935 1342 1939 1347 .

449 1389 684 1449 XXIX.
740 1390 1059 1462 Aduatuci,
1089 1391 1162 1448 de
1190 1391 1401 1466 quibus
1437 1389 1611 1466 supra
1652 1390 2005 1467 scripsimus,
2036 1410 2212 1466 quum
2257 1392 2442 1448 omni-

372 1483 477 1540 bus
506 1483 689 1559 copiis
720 1483 933 1541 auxilio
960 1482 1194 1540 Nerviis
1216 1483 1498 1555 venirent,
1530 1483 1640 1540 hac
1661 1483 1860 1560 pugna
1883 1482 2180 1554 nunciata,
2210 1501 2284 1541 ex
2309 1483 2442 1541 itin-

370 1594 466 1632 ere
509 1575 744 1632 domum
788 1586 1180 1645 reverterunt3
1226 1575 1457 1633 cunctis
1500 1575 1727 1651 oppidi's
1768 1575 2133 1650 castellisque
2175 1575 2440 1647 desertis,

369 1664 695 1724 sua¹omnia
723 1667 784 1724 in
812 1686 992 1724 unum
1021 1667 1295 1743 oppidum
1324 1665 1560 1745 egregie
1598 1669 1805 1725 natura
1850 1668 2137 1725 munitum
2180 1668 2443 1726 contule-

371 1772 520 1817 runt.
600 1758 782 1821 Quod
812 1778 988 1834 quum
1016 1778 1088 1816 ex
1115 1760 1385 1818 omnibus
1414 1760 1486 1817 ‘in
1530 1760 1783 1817 circuitu
1825 1761 2084 1836 partibus
2134 1758 2442 1818 altissimas

371 1870 540 1927 rupes
568 1851 988 1927 despectusque
1017 1852 1273 1923 haberet,
1304 1853 1421 1910 una
1451 1871 1522 1910 ex
1546 1858 1709 1928 parte
1735 1853 1943 1911 leniter
1982 1852 2220 1909 acclivis
2250 1853 2441 1910 aditus

372 1944 430 2000 in
479 1944 843 2001 latitudinem
888 1963 1004 2001 non
1056 1943 1301 2020 amplius
1342 1945 1448 2002 CC
1496 1945 1707 2021 pedum
1749 1945 2219 2020 relinquebatur:
2265 1964 2437 2019 quem

372 2037 563 2093 locum
592 2035 1118 2112 duplicraltissimo
1144 2056 1311 2094 muro
1353 2038 1720 2108 munierant3
1761 2047 1884 2094 tum
1927 2037 2122 2114 magni
2168 2037 2443 2114 ponderis

370 2148 508 2185 saxa
534 2140 591 2186 et
630 2141 951 2205 praeacutas
992 2130 1183 2187 trabes
1227 2129 1284 2187 in
1326 2149 1496 2187 muro
1542 2131 1912 2188 collocaran't.
1998 2128 2135 2207 Ipsi'
2165 2130 2330 2188 erant
2371 2149 2443 2188 ex

371 2222 626 2280 Cimbris
669 2222 1073 2297 Teutonisque
1114 2224 1417 2300 prognati3
1464 2224 1561 2298 qui
1604 2232 1782 2300 quum
1824 2224 1931 2282 iter
1980 2223 2040 2280 in
2081 2223 2440 2299 provinciam

372 2327 624 2373 nostram
670 2327 839 2391 atque
883 2315 1111 2375 Italiam
1151 2316 1434 2388 facerent,
1466 2317 1538 2373 iis
1581 2315 2028 2393 impedimentiS,
2064 2336 2191 2391 quae
2240 2335 2441 2374 secum

373 2422 542 2485 agere
574 2427 640 2465 ac
668 2403 904 2484 portare
924 2428 1039 2466 non
1067 2403 1352 2485 poterant,
1383 2409 1529 2466 citra
1566 2408 1782 2468 flumen
1824 2408 2102 2466 Rhenum
2143 2408 2440 2484 depositis,

371 2501 646 2559 custodias
675 2521 746 2559 ex
773 2502 892 2558 suis
923 2521 990 2558 ac
1016 2501 1285 2576 praesidio
1325 2521 1427 2559 sex
1467 2493 1650 2558 millia
1691 2501 1989 2558 hominum
2038 2499 2156 2558 una
2194 2502 2444 2576 relique-

371 2605 518 2654 runt.
605 2593 685 2650 Hi
714 2605 843 2669 post
871 2613 1069 2651 eorum
1098 2594 1318 2651 obitum
1348 2594 1558 2650 multos
1589 2613 1769 2650 annos
1798 2613 1831 2650 a
1859 2592 2117 2650 finitimis
2145 2593 2440 2671 exagitati,

370 2704 547 2757 quum
581 2685 721 2743 alias
749 2686 963 2742 bellum
992 2685 1287 2755 inferrent,
1314 2683 1455 2741 alias
1484 2685 1705 2741 illatum
1734 2684 2128 2756 defenderent,
2151 2704 2440 2743 consensu

368 2794 568 2832 eorum
596 2776 854 2833 omnium
890 2794 1035 2851 pace
1077 2776 1250 2845 facta,
1281 2776 1439 2831 hunc
1481 2776 1592 2831 sibi
1633 2775 1929 2833 domicilio
1970 2777 2168 2835 locum
2209 2778 2439 2853 delege-
2514 2771 2595 2826 Κ

368 2878 517 2925 runt

449 2958 652 3017 XXX.
711 2959 805 3016 Ac
831 2959 1019 3035 primo
1050 2958 1298 3016 adventu
1325 2953 1615 3017 exercitus
1644 2958 1823 3016 nostri
1853 2960 2088 3017 crebras
2130 2980 2201 3018 ex
2230 2962 2444 3036 oppido

367 3052 739 3109 excursiones
768 3052 1075 3121 faciebant,
1104 3052 1472 3126 parvulisque
1511 3051 1729 3127 proeliis
1770 3071 1905 3109 cum
1948 3054 2161 3110 nostris
2203 3066 2442 3112 conten-

369 3145 616 3201 debant:
658 3154 877 3219 postea,
907 3143 1054 3201 vallo
1080 3144 1293 3219 pedum
1335 3144 1459 3201 XII
1503 3144 1560 3201 in
1591 3145 1840 3202 circuitu
1883 3145 2000 3202 XV
2045 3146 2288 3203 millium
2320 3165 2443 3203 cre-

370 3236 600 3311 brisque
628 3235 879 3293 castellis
917 3235 1371 3307 circummuniti,
1402 3237 1615 3312 oppido
1656 3256 1783 3295 sese
1825 3237 2216 3295 continebant.
2300 3237 2440 3310 Ubi,

368 3329 551 3386 vineis
581 3327 744 3399 actiS,
776 3347 985 3405 aggere
1013 3339 1323 3393 exstructo,
1352 3330 1557 3386 turrim
1586 3330 1786 3406 procul
1831 3329 2106 3387 constitui
2148 3329 2440 3400 viderunt,

367 3419 617 3497 primum
648 3419 886 3477 irridere
915 3434 985 3478 ex
1014 3430 1210 3491 mum,
1230 3431 1402 3496 atque
1443 3422 1789 3498 increpitare
1830 3422 2089 3492 vocibus,
2119 3421 2235 3495 quo
2279 3433 2441 3479 tanta

368 3512 722 3571 machinatio
760 3513 829 3568 ab
870 3524 1031 3569 tanto
1071 3513 1256 3588 spatio
1301 3514 1697 3571 institueretur
1708 3516 1763 3592 Α
1781 3514 2124 3588 quibusnam
2170 3515 2439 3571 manibus
2488 3515 2559 3588 R

363 3616 468 3663 aut
509 3605 718 3680 quibus
762 3604 998 3675 viribus,
1040 3606 1356 3681 praesertim
1406 3606 1670 3663 homlnes
1712 3605 1948 3663 tantulae
1997 3608 2229 3663 staturae'
2274 3605 2439 3679 (nam
2496 3645 2504 3651 -

367 3698 706 3774 plerumque
733 3696 1064 3754 hominibus
1090 3697 1275 3754 Gallis
1301 3717 1420 3773 prae
1450 3697 1849 3775 magnitudine
1871 3717 2178 3773 corporum
2201 3716 2440 3755 suorum
2517 3773 2533 3781 ·

369 3790 616 3848 brevitas
657 3799 853 3846 nostra
893 3789 1249 3865 contemptui
1297 3792 1413 3870 est)
1465 3790 1609 3848 tanti
1654 3791 1849 3848 oneris
1895 3791 2100 3856 turrim
2145 3791 2205 3848 in
2245 3810 2442 3849 muros

367 3899 494 3939 sese
523 3882 808 3939 collocare
838 3877 1264 3956 confiderentl(

445 3972 681 4031 XXXI.
740 3973 851 4031 Ubi
885 3972 1015 4031 vero
1041 3974 1256 4031 moveri
1285 3984 1343 4031 et
1366 3974 1821 4050 appropinquare
1841 3975 2129 4033 moenibus
2152 3974 2437 4042 viderunt,
