2747 4376
374 313 508 363 Cu‘.
544 315 774 378 18—21.]
1108 312 1321 362 LIBER
1363 312 1699 371 QUINTUS.
2350 322 2430 381 79

373 455 614 515 flumine
640 456 1000 534 tegebantur.
1084 455 1196 514 His
1223 456 1396 514 rebus
1422 456 1671 534 cognitis
1700 475 1734 514 a
1759 457 1999 533 captivis
2037 458 2426 537 perfugisque,

374 547 593 622 Caesar,
635 549 930 624 praemisso
978 548 1255 623 equitatu,
1285 548 1589 606 confestim
1629 548 1887 626 legiones
1931 550 2203 626 subsequi
2238 552 2424 628 jussit.

375 640 495 698 Sed
524 641 595 698 ea
624 640 916 721 celeritate
945 649 1115 715 atque
1154 657 1226 697 eo
1264 639 1480 716 impetu
1525 639 1735 698 milites
1757 640 1987 713 ierunt,
2016 660 2194 716 quum
2236 645 2428 720 capite

373 732 499 790 solo
525 750 598 790 ex
627 732 774 807 aqua
801 742 1109 803 exstarent,
1138 740 1203 788 ut
1229 731 1422 789 hostes
1450 730 1725 807 impetum
1752 731 2046 809 legionum
2074 742 2244 808 atque
2269 735 2427 810 equi·

373 832 498 881 tum
540 824 823 882 sustinere
864 842 983 881 non
1027 831 1280 899 possent,
1321 822 1590 898 ripasque
1636 823 2007 896 dimitterent,
2052 842 2122 882 ac
2162 844 2226 884 se
2273 827 2426 904 fugae

372 915 729 973 mandarent.

450 1005 625 1064 XIX.
682 1005 1167 1077 Cassivellaunus,
1215 1014 1281 1063 ut
1322 1002 1496 1080 supra
1536 1005 2066 1079 demonstravimus,
2120 1007 2278 1066 omni
2330 1009 2426 1066 de-

369 1097 559 1171 posita
603 1115 706 1174 spe
746 1097 1150 1169 contentionis,
1197 1096 1449 1154 dimissis
1497 1097 1867 1172 amplioribus
1919 1099 2121 1174 copiis,
2172 1099 2426 1159 millibus

373 1187 606 1247 circiter
649 1200 890 1264 quatuor
939 1188 1354 1249 essedariorum
1397 1187 1633 1259 relictiS,
1662 1189 1870 1247 itinera
1912 1200 2108 1248 nostra
2145 1190 2424 1264 servabat,

368 1279 786 1355 paululumque
813 1299 884 1337 ex
925 1281 1017 1338 via
1058 1280 1395 1352 excedebat,
1424 1279 1683 1354 locisque
1723 1280 2012 1355 impeditis
2053 1300 2123 1338 ac
2161 1280 2427 1341 silvestri·

370 1370 480 1427 bus
508 1390 634 1429 sese
660 1372 1008 1443 occultabat,
1041 1382 1210 1446 atque
1237 1371 1309 1429 iis
1335 1371 1689 1448 regionibus,
1720 1372 1928 1447 quibus
1967 1391 2074 1431 nos
2114 1373 2222 1432 iter
2248 1373 2428 1431 sactu-

369 1480 465 1520 ros
493 1474 856 1540 cognoverat,
884 1481 1098 1539 pecora
1127 1473 1297 1537 atque
1323 1463 1587 1521 homines
1613 1482 1686 1521 ex
1714 1464 1865 1541 agris
1892 1464 1953 1521 in
1981 1464 2152 1523 silvas
2180 1464 2427 1540 compel-

367 1554 525 1612 lebat
549 1575 562 1612 ε
606 1565 683 1626 et,
714 1574 891 1630 quum
919 1555 1207 1630 equitatus
1234 1564 1427 1612 noster
1454 1553 1694 1613 liberius
1719 1555 2015 1631 praedandi
2054 1555 2426 1631 vastandique

369 1647 549 1703 causa
598 1665 660 1704 se
709 1647 769 1704 in
819 1665 986 1723 agros
1027 1645 1365 1718 effunderet,
1414 1646 1682 1704 omnibus
1734 1647 1841 1705 viis
1890 1647 2043 1705 notis
2094 1646 2425 1723 semitisque

368 1738 689 1795 essedarios
716 1756 786 1795 ex
812 1738 968 1795 silvis
995 1738 1310 1809 emittebat,
1341 1749 1400 1796 et
1426 1757 1637 1815 magno
1662 1756 1796 1795 cum
1815 1737 2075 1814 periculo
2100 1750 2421 1798 nostrorum

368 1831 629 1904 equitum
657 1849 792 1887 cum
818 1830 889 1887 ii's
917 1829 1284 1906 confligebat,
1317 1838 1487 1904 atque
1516 1830 1627 1887 hoc
1668 1841 1823 1888 metu
1864 1828 2037 1889 latius
2076 1831 2271 1908 vagari
2297 1816 2425 1906 pro-
2481 1900 2486 1907 ί

368 1921 619 1979 hibebat.
704 1921 1185 1996 Relinquebatur,
1214 1930 1279 1978 ut
1304 1939 1493 1995 neque
1519 1919 1749 1998 longius
1777 1923 1848 1978 ab
1876 1923 2104 1999 agmine
2129 1922 2420 1999 legionum

367 2012 589 2071 discedi
637 2012 831 2073 Caesar
877 2023 1186 2088 pateretur,
1216 2022 1275 2070 et
1319 2023 1544 2071 tantum
1589 2013 1649 2070 in
1699 2013 1850 2090 agris
1891 2014 2181 2071 vastandis
2226 2014 2423 2072 incen-

368 2104 593 2182 diisque
650 2104 929 2163 faciendis
981 2105 1241 2163 hostibus
1293 2114 1619 2177 noceretur,
1673 2115 1951 2179 quantum
2002 2106 2197 2163 labore
2251 2117 2421 2181 atque
2465 2132 2474 2171 ς

369 2197 576 2256 itinere
615 2197 917 2274 legionarii
957 2198 1168 2255 milites
1208 2197 1437 2255 efficere
1475 2207 1753 2273 poterant.

449 2290 589 2347 XX.
643 2289 883 2347 Interim
909 2288 1319 2360 TrinobanteS,
1348 2306 1526 2364 prope
1552 2289 1877 2346 firmissima
1895 2307 2091 2346 earum
2119 2289 2421 2367 regionum

370 2381 592 2453 civitas,
622 2400 694 2438 ex
735 2380 849 2455 qua
891 2378 1334 2438 Mandubratius
1379 2380 1730 2451 adolescenS,
1761 2379 2006 2438 Caesaris
2045 2381 2217 2438 fidem
2259 2399 2422 2439 secu·

368 2482 480 2544 tus,
513 2473 582 2530 ad
610 2491 742 2530 eum
771 2472 831 2529 in
860 2471 1251 2529 continentem
1277 2471 1527 2528 Galliam
1554 2481 1806 2542 venerat,
1832 2469 2026 2547 (cujus
2050 2482 2210 2547 pater
2232 2470 2421 2530 Iman-

368 2565 598 2622 uentius
626 2565 685 2621 in
712 2564 782 2621 ea
811 2563 1042 2621 civitate
1079 2581 1322 2641 regnum
1362 2562 1708 2634 obtinuerat,
1738 2562 2185 2638 interfectusque
2224 2574 2347 2622 erat
2386 2583 2422 2623 a

364 2655 835 2726 Cassivellaun03
879 2655 1000 2730 ipse
1028 2655 1166 2733 fuga
1193 2664 1436 2712 mortem
1463 2654 1763 2734 vitaverat)
1792 2654 2012 2733 legatos
2033 2655 2104 2712 ad
2131 2655 2420 2714 Caesarem

367 2749 619 2819 mittunt,
646 2747 1103 2823 pollicenturque
1129 2764 1255 2804 sese
1282 2746 1337 2804 ei
1382 2746 1674 2804 dedituros
1719 2757 1888 2820 atque
1924 2745 2199 2821 imperata
2241 2747 2420 2805 factu-

368 2856 499 2897 ros:
539 2849 762 2915 petunt,
791 2848 855 2896 ut
882 2836 1356 2895 Mandubratium
1406 2838 1476 2894 ab
1521 2837 1731 2913 injuria
1775 2838 2191 2896 Cassivellauni
2227 2838 2419 2897 defen-

367 2931 484 3002 dat,
511 2942 679 3006 atque
706 2931 766 2988 in
794 2930 1083 2988 civitatem
1112 2929 1318 3000 mittat,
1341 2930 1440 3004 qui
1463 2930 1673 3005 praesit,
1697 2929 2117 3005 imperiumque
2144 2930 2416 2989 obtineat.

369 3021 482 3079 His
507 3022 703 3080 Caesar
731 3022 971 3097 imperat
997 3021 1227 3078 obsides
1266 3021 1381 3078 XL
1422 3021 1885 3096 frumentumque
1925 3022 2224 3093 exercitui,
2254 3020 2422 3079 Man-

368 3112 809 3188 dubratiumque
852 3113 922 3170 ad
963 3130 1063 3171 eos
1103 3112 1292 3170 mittit.
1376 3112 1469 3169 Illi
1518 3112 1793 3189 imperata
1834 3113 2096 3170 celeriter
2139 3113 2417 3186 fecerunt,

368 3205 595 3264 obsides
624 3205 694 3263 ad
721 3223 1022 3268 numerum
1052 3204 1453 3278 frumentaque
1480 3204 1773 3261 miserunt.

444 3298 615 3355 XXI.
671 3296 1133 3354 Trinobantibus
1180 3295 1452 3366 defensiS,
1503 3307 1672 3371 atque
1721 3296 1792 3353 ab
1833 3282 2009 3353 omni*
2038 3293 2283 3353 militum
2336 3295 2421 3353 in-

360 3390 512 3465 juria
562 3390 885 3466 prohibitis,
940 3388 1307 3466 Cenimagni,
1364 3388 1719 3464 Segontiaci,
1775 3388 2094 3459 AncaliteS,
2163 3387 2418 3460 Bibroci,

367 3480 553 3552 Cassi,
594 3482 976 3558 legationibus
1020 3481 1210 3538 missis
1257 3498 1384 3538 sese
1431 3479 1647 3541 Caesari
1694 3479 1927 3537 dedunt.
2011 3479 2108 3536 Ab
2155 3478 2245 3535 his
2286 3498 2421 3556 cog-

365 3572 554 3630 noscit
581 3592 696 3630 non
724 3572 894 3649 longe
927 3591 996 3630 ex
1024 3591 1096 3629 eo
1122 3572 1255 3629 loco
1280 3570 1549 3646 oppidum
1580 3570 1995 3628 Cassivellauni
2026 3571 2240 3641 abesse,
2263 3571 2420 3628 silvis

363 3664 784 3740 paludibusque
813 3664 1120 3733 munitum,
1151 3661 1264 3737 quo
1297 3660 1436 3719 satis
1462 3681 1705 3739 magnus
1745 3662 2042 3720 hominum
2080 3661 2419 3737 pecorisque

365 3774 638 3814 numerus
665 3755 1013 3813 convenerit.
1100 3753 1423 3831 (Oppidum
1453 3763 1642 3811 autem
1685 3753 1945 3811 Britanni
1985 3761 2211 3834 vpcant,
2240 3769 2417 3825 quum

365 3848 535 3906 silvas
576 3847 878 3924 impeditas
927 3847 1079 3904 vallo
1121 3857 1291 3922 atque
1333 3844 1498 3902 fossa*
1525 3845 1878 3917 munierunt,
1908 3842 2022 3920 quo
2073 3842 2419 3902 incursionis

367 3938 616 3997 hostium
660 3938 905 3996 vitandas
954 3938 1129 3995 causa
1177 3936 1486 3994 convenire
1540 3934 1941 4013 consuerunt.)
2024 3932 2113 3993 Εό
2165 3934 2419 4012 proficis-
