2747 4376
287 322 301 334 ⁰
329 322 466 367 Car.
503 319 728 379 18—20.j
1073 317 1287 391 1511}ssst
1333 316 1616 365 PRIMUS.
2327 323 2398 378 13

329 479 560 536 semper
607 461 756 518 alere
799 473 855 518 et
901 463 1121 517 circum
1171 478 1233 517 se
1284 461 1531 517 habere:
1589 478 1777 535 neque
1825 460 2010 518 solam
2064 461 2242 531 domi,
2297 462 2395 519 sed

330 554 510 611 etiarn
543 554 693 628 apud
721 553 991 610 finitimas
1019 552 1280 610 civitates
1307 528 1765 629 largitefpossffi
1810 564 1978 628 atque
2008 553 2176 629 hujus
2201 565 2393 629 poten·

336 646 431 703 tiae
472 645 652 702 causa
694 656 930 702 matrem
975 644 1033 701 in
1079 644 1436 720 Biturigibus
1485 645 1702 701 homini
1753 645 1872 703 illic
1912 646 2270 703 nobilissimo
2327 665 2396 704 ac

334 737 737 812 potentissimo
784 736 1119 807 collocasse,
1176 736 1364 811 ipsum
1420 752 1491 793 ex
1544 736 1827 793 Helvetiis
1875 755 2110 794 uxorem
2165 737 2395 809 habere,

334 845 593 885 sororem
623 846 695 885 ex
720 839 902 885 matre
925 838 988 905 et
1011 828 1361 903 propinquas
1398 847 1530 883 suas
1570 837 1812 902 nuptum
1854 827 1913 884 in
1958 828 2096 886 alias
2137 829 2397 887 civitates

338 920 660 976 collocasse
683 912 930 1007 Qvere
958 930 1015 976 et
1043 937 1255 994 cupere
1284 918 1569 976 Helvetiis
1596 930 1827 995 propter
1854 938 1981 977 eam
2026 904 2391 980 affinitatem³:

338 1000 535 1068 odiss'e
582 1011 756 1069 etiam
803 1030 910 1068 suo
954 1013 1188 1067 nomine
1231 1010 1523 1067 Caesarem
1566 1021 1623 1068 et
1665 1009 1984 1082 Romanos,
2015 1010 2169 1086 quod
2197 1031 2394 1071 eorum

344 1103 592 1160 adventu
639 1103 924 1187 potentia*
944 1103 1068 1178 ejus
1115 1102 1417 1173 diminuta,
1461 1113 1520 1159 et
1561 1102 1884 1160 Divitiacus
1927 1104 2098 1161 stater
2153 1105 2212 1161 in
2258 1108 2399 1163 anti-

344 1214 520 1270 quum
550 1195 743 1251 locum
771 1195 968 1271 gratiae
1000 1205 1169 1269 atque
1197 1194 1430 1251 honoris
1469 1195 1542 1252 sit
1568 1195 1879 1252 restitutus,
1964 1196 2027 1252 si
2071 1197 2207 1271 quid
2251 1198 2399 1254 acci-

341 1288 440 1344 dat
469 1286 774 1358 RomaniS,
804 1305 1085 1343 summam
1113 1286 1173 1342 in
1215 1304 1377 1360 spem
1417 1287 1579 1362 regni
1618 1305 1720 1362 per
1763 1286 2061 1379 Hrelvetios
2102 1287 2395 1346 obtinendi

342 1379 574 1448 venire3
619 1378 861 1453 imperio
885 1378 1081 1453 populi
1111 1377 1366 1434 Romani
1396 1397 1510 1434 non
1539 1377 1711 1435 modo
1753 1378 1827 1435 de
1867 1396 2066 1454 regn0,
2096 1378 2197 1435 sed
2225 1380 2395 1437 etiam

337 1452 432 1527 de‘
459 1471 548 1540 ea,
584 1490 756 1544 quam
805 1469 1028 1540 habeat,
1075 1470 1259 1545 gratia
1304 1469 1641 1544 desperare.'
1726 1469 2081 1544 Reperiebat
2121 1471 2293 1527 etiam
2338 1471 2397 1528 in
2458 1528 2461 1537 ,

342 1563 653 1636 quaerendo
716 1561 930 1631 Caesar,
996 1560 1151 1639 quod
1205 1561 1470 1636 proelium
1533 1574 1799 1636 equestre
1849 1561 2146 1618 adversum
2201 1564 2441 1637 pa‘ucis,

344 1653 476 1710 ante
506 1655 711 1711 diebus
738 1665 889 1710 esset
917 1638 1152 1723 facium,
1182 1653 1412 1710 initium
1454 1654 1576 1730 ejus
1620 1653 1767 1730 fugae
1807 1653 2022 1710 factum
2054 1673 2087 1710 a
2115 1654 2400 1728 Dumnor-

342 1748 437 1822 ige
480 1759 650 1820 atque
699 1746 824 1820 ejus
866 1744 1187 1819 equitibus,
1207 1745 1368 1822 (nam
1411 1746 1686 1819 equitatu,
1717 1765 1887 1820 quem
1931 1745 2141 1802 auxilio
2182 1746 2397 1804 Caesari

344 1837 528 1906 AEdui,
573 1837 863 1907 miserant,
905 1837 1228 1895 Dumnorix
1274 1840 1541 1916 praeerat)
1582 1855 1895 1912 eorumque
1936 1830 2072 1915 fuga
2114 1838 2396 1913 reliquum

341 1948 467 1987 esse
495 1930 816 2003 equitatum
840 1920 1230 2004 perterritum:

422 2021 593 2077 XIX.
648 2020 886 2081 Quibus
927 2022 1099 2077 rebus
1141 2020 1409 2096 cognitis,
1440 2039 1617 2095 quum
1647 2020 1716 2078 ad
1746 2021 1848 2077 has
1884 2020 2241 2097 suspiciones
2281 2039 2400 2078 cer-

342 2112 577 2169 tissimae
605 2131 697 2169 res
740 2113 1102 2183 accederent,
1132 2098 1428 2188 quodsper
1470 2112 1613 2170 fines
1657 2114 2058 2187 Sequanorum
2102 2112 2401 2170 Helvetios

343 2205 706 2276 traduxisset,
749 2206 904 2280 quod
947 2205 1176 2262 obsides
1220 2205 1366 2263 inter
1413 2224 1512 2262 eos
1558 2205 1776 2262 dandos
1821 2193 2097 2276 curasset,
2136 2204 2292 2280 quod
2333 2224 2403 2263 ea

342 2298 539 2355 omnia
567 2317 682 2354 non
711 2296 882 2354 modo
912 2297 1133 2373 injussu
1161 2317 1267 2354 suo
1294 2308 1352 2354 et
1381 2296 1648 2367 civitatis,
1678 2285 1778 2354 sed
1807 2297 1978 2353 etiam
2024 2297 2403 2354 inscientibus

344 2389 503 2465 ipsis,
547 2388 795 2460 fecisset,
825 2388 981 2463 quod
1011 2408 1045 2445 a
1071 2389 1406 2465 magistratu
1452 2389 1777 2445 AEduorum
1818 2399 2223 2445 accusaretur:
2266 2389 2404 2445 satis

345 2491 473 2538 esse
496 2500 684 2538 causae
715 2481 1110 2552 arbitrabatur,
1142 2499 1318 2556 quare
1346 2482 1407 2537 in
1436 2499 1570 2537 eum
1606 2491 1702 2535 aut
1744 2479 1867 2554 ipse
1910 2479 2401 2552 animadverteret,

348 2583 447 2629 aut
474 2572 762 2630 civitatem
791 2573 1239 2642 animadvertere
1263 2572 1507 2650 juberet.
1591 2570 1704 2627 His
1730 2570 1998 2627 omnibus
2026 2571 2197 2627 rebus
2223 2591 2401 2629 unum

346 2665 722 2740 repugnabat,
763 2664 919 2740 quod
966 2663 1243 2722 Divitiaci
1293 2664 1483 2721 fratris
1530 2681 1817 2719 summum
1866 2661 1925 2719 in
1969 2663 2240 2738 populum
2282 2664 2403 2721 Ro-

347 2774 583 2812 manum
627 2756 898 2828 studium,
941 2775 1223 2813 summam
1268 2755 1326 2813 in
1369 2774 1432 2813 se
1473 2756 1844 2826 voluntatem,
1875 2756 2164 2831 egregiam
2211 2756 2401 2828 fidem,

349 2847 644 2922 justitiam,
686 2849 1124 2924 temperantiam
1172 2843 1567 2925 cognoverats:
1615 2866 1770 2918 nam,
1818 2865 1894 2904 ne
1949 2847 2072 2922 ejus
2120 2848 2404 2923 supplicio

347 2939 626 2996 Divitiaci
691 2940 944 2997 animum
999 2925 1342 3011 offenderets
1387 2941 1702 2997 verebatur.
1812 2938 2016 3013 Itaque
2070 2939 2400 3014 priusquam

344 3031 658 3106 quidquam
687 3042 1011 3103 conaretur,
1042 3032 1397 3088 Divitiacum
1428 3032 1497 3088 ad
1526 3050 1588 3088 se
1617 3031 1808 3116 vpcari
1831 3031 2030 3105 jubet:
2074 3044 2150 3102 et,
2181 3031 2402 3105 quotid-

346 3124 495 3180 ianis
542 3123 947 3199 interpretibus
995 3123 1247 3194 remotiS,
1293 3141 1393 3198 per
1436 3122 1502 3180 C.
1534 3123 1831 3180 Valerium
1876 3122 2209 3195 Procillum,
2251 3124 2405 3199 prin-
2445 3151 2448 3154 Δ

345 3215 535 3290 cipem
582 3215 786 3273 Galliae
829 3216 1159 3292 provinc'ae,
1202 3215 1540 3273 familiarem
1587 3234 1775 3286 suurn,
1819 3214 1915 3271 cui
1957 3234 2238 3272 summam
2285 3235 2404 3272 om·

345 3308 508 3364 nium
552 3326 745 3365 rerum
791 3308 963 3376 fidem
1012 3307 1086 3364 ha
1126 3308 1277 3378 ebat,
1321 3327 1457 3364 cum
1505 3325 1577 3365 eo
1614 3306 1993 3381 colloquitur:
2036 3306 2200 3363 simul
2225 3325 2404 3363 -com-

346 3400 677 3470 monefacit,
708 3381 853 3474 quae',
887 3400 1009 3475 ipso
1034 3410 1334 3474 praesente,
1365 3399 1423 3455 in
1468 3399 1719 3456 concilio
1759 3399 2055 3456 Gallorum
2101 3399 2173 3455 de
2226 3399 2403 3455 Dum-

346 3491 548 3568 norige
575 3491 689 3550 sint
717 3491 892 3562 dicta,
923 3503 979 3550 et
1007 3492 1275 3562 ostendit,
1299 3511 1426 3566 quae
1455 3491 1757 3565 separatim
1788 3491 2029 3564 quisque
2052 3490 2122 3547 de
2151 3510 2221 3548 eo
2252 3491 2404 3565 apud

345 3603 407 3641 se
436 3584 678 3640 dixerit:
719 3583 862 3659 petit
905 3595 1072 3658 atque
1115 3584 1390 3654 hortatur,
1421 3592 1485 3640 ut
1531 3583 1656 3640 sine
1696 3583 1818 3658 ejus
1866 3581 2181 3639 offensione
2227 3582 2403 3638 animi

344 3676 434 3733 vel
485 3675 607 3750 ipse
647 3675 719 3732 de
767 3694 856 3748 eo,
887 3677 1061 3733 causa
1106 3674 1360 3752 cognita,
1405 3686 1632 3742 statuat,
1678 3675 1761 3731 vel
1816 3674 2104 3731 civitatem
2153 3683 2402 3729 statuere

344 3768 562 3845 jubeat.

426 3858 568 3916 XX.
626 3859 947 3917 Divitiacus
986 3859 1181 3916 multis
1223 3878 1356 3916 cum
1399 3858 1672 3926 lacrimi3‚
1718 3858 2005 3914 Caesarem
2050 3852 2400 3928 complexus,

348 3952 654 4009 obsecrare
682 3951 870 4027 coepit.
900 3958 915 3983 ‘
935 3970 1009 4008 ne
1038 3951 1175 4025 quid
1205 3951 1433 4026 gravius
1463 3950 1521 4006 in
1553 3950 1782 4004 fratrem
1811 3956 2122 4002 statueret:
2165 3945 2314 4003 scire
2341 3962 2403 4001 se

978 4043 1016 4081 c)

983 4079 1017 4096 Η
