2747 4376
323 293 455 340 οη.
489 293 655 355 5-7]
1018 290 1232 339 mssa
1278 288 1675 339 SECUNDUS.
2309 268 2410 347 33'

302 434 481 495 >diem
512 435 662 493 facta
689 446 838 492 sunt.
923 434 1054 510 Ipse
1084 434 1439 491 Divitiacum
1468 432 1728 489 AEduum
1756 450 1968 510 magno
1988 448 2160 507 opere
2190 430 2390 488 cohor-

324 537 497 599 tatuS,
530 527 719 598 docet,
750 537 965 602 quanto
999 545 1171 602 opere
1199 519 1532 602 reipublicae
1577 524 2014 598 communisque
2060 522 2259 580 salutis
2307 522 2391 579 in-
2417 520 2530 585 (vs

323 619 488 677 tersit
517 639 720 676 manus
761 619 1011 675 hostium
1052 618 1333 688 distineri,
1363 636 1437 674 ne
1480 636 1611 673 cum
1654 616 1814 673 tanta
1857 615 2223 672 multitudine
2272 633 2391 671 uno

322 721 582 786 tempore
612 710 1040 788 confligendum
1068 710 1157 767 sit.
1241 710 1310 766 Id
1338 709 1462 766 fieri
1490 727 1677 784 posse,
1707 709 1756 765 si
1797 727 1930 764 suas
1970 706 2167 782 copias
2207 705 2388 764 AEdui

224 790 235 800 ’
326 803 387 859 in
427 803 572 861 fines
620 803 1057 860 Bellovacorum
1101 801 1542 872 introduxerint,
1572 812 1629 858 et
1676 818 1876 857 eorum
1920 818 2085 875 agros
2128 797 2388 874 populari

326 895 623 969 coeperint.
710 894 821 951 His
849 894 1152 966 mandatiS,
1181 913 1315 951 eum
1346 893 1418 950 ab
1438 912 1500 950 se
1521 892 1772 949 dimittit.
1855 891 2165 965 Postquam
2187 908 2388 947 omnes

328 987 641 1063 Belgarum
681 987 878 1063 copias
918 987 979 1043 in
1023 1005 1202 1042 unum
1246 985 1441 1042 locum
1483 996 1715 1041 coactas
1761 984 1831 1040 ad
1874 1002 1936 1041 Se
1983 983 2178 1040 venire
2226 981 2385 1053 vidit,

243 1138 250 1143 ,
329 1097 519 1153 neque
541 1080 661 1154 jam
688 1076 861 1155 longe
894 1079 1112 1149 abesse,
1144 1078 1214 1134 ab
1242 1078 1351 1148 his,
1382 1096 1525 1152 quos
1566 1067 1819 1147 miserat,
1848 1075 2299 1152 exploratoribus
2331 1086 2389 1132 et

330 1171 401 1228 ab
430 1170 637 1228 Remis
665 1170 951 1248 cognovit,
982 1169 1196 1227 flumen
1234 1170 1522 1240 Axonam,
1553 1169 1706 1243 quod
1748 1178 1834 1226 est
1874 1168 1935 1225 in
1975 1167 2242 1225 extremis
2270 1165 2390 1223 Re-

328 1284 553 1322 morum
616 1265 847 1336 finibuS,
902 1265 1221 1322 exercitum
1275 1264 1650 1321 transducere
1703 1262 2028 1333 maturavit,
2085 1272 2254 1336 atque
2308 1260 2385 1317 ibi

329 1368 518 1415 castra
543 1357 751 1433 posuit.
833 1357 988 1418 Quae
1017 1374 1110 1413 res
1138 1367 1196 1414 et
1224 1357 1373 1413 latus
1402 1374 1581 1412 unum
1611 1367 1931 1412 castrorum
1957 1353 2096 1429 ripis
2137 1352 2390 1409 fluminis

329 1449 646 1520 muniebat,
676 1459 752 1520 et,
780 1459 909 1525 post
935 1468 1068 1506 eum
1107 1468 1233 1523 quae
1277 1459 1489 1519 essent,
1518 1458 1641 1504 tuta
1684 1447 1755 1503 ab
1796 1445 2054 1503 hostibus
2094 1444 2388 1515 reddebat,

328 1550 387 1598 et
415 1551 768 1598 commeatus
799 1542 870 1597 ab
898 1541 1105 1598 Remis
1130 1540 1483 1614 reliquisque
1512 1539 1839 1607 civitatibus
1866 1548 1929 1594 ut
1964 1537 2091 1594 sine
2129 1535 2392 1613 periculo

331 1634 402 1688 ad
450 1650 584 1690 eum
630 1633 845 1708 portari
888 1644 1099 1708 posset,
1145 1632 1449 1689 efficiebat.
1533 1629 1603 1687 In
1646 1649 1717 1688 eo
1763 1629 2000 1687 flumine
2051 1648 2195 1705 pons
2247 1638 2387 1687 erat.

327 1723 420 1781 Ibi
446 1725 776 1800 praesidium
817 1725 999 1801 ponit,
1028 1735 1087 1782 et
1134 1724 1194 1780 in
1239 1724 1418 1780 altera
1466 1734 1628 1799 parte
1674 1721 1928 1780 fluminis
1965 1721 2047 1783 Q.
2090 1720 2389 1778 Titurium
2465 1775 2478 1781 ,

329 1816 611 1874 Sabinum
639 1817 892 1893 legatum
921 1835 1055 1873 cum
1083 1834 1184 1872 sex
1211 1815 1544 1872 cohortibus
1586 1813 1894 1889 relinquit:
1937 1825 2125 1871 castra
2164 1812 2225 1870 in
2267 1812 2390 1870 alti-

326 1908 591 1966 tudinem
631 1909 844 1984 pedum
885 1907 1196 1966 duodecim
1240 1908 1392 1965 vallo
1433 1907 1699 1982 fossaque
1740 1905 2134 1984 duodeviginti
2174 1905 2389 1981 pedum

327 2000 557 2058 munire
576 2000 757 2078 jubet.

406 2092 521 2150 VL·
570 2093 666 2149 Ab
707 2092 802 2167 his⁴
838 2092 1041 2150 castris
1080 2092 1353 2169 oppidum
1397 2091 1720 2150 Remorum
1762 2093 1998 2173 nomine
2038 2089 2250 2170 Bibrax
2293 2089 2392 2146 ab·
2467 2100 2486 2123 f
2529 2146 2538 2153 ,

328 2196 453 2243 erat
495 2184 676 2243 millia
712 2180 985 2261 passuum
1030 2184 1192 2243 VIII.
1275 2183 1344 2241 Id
1372 2203 1444 2243 ex
1471 2185 1677 2243 itinere
1705 2204 1917 2261 magno
1945 2182 2161 2259 impetu
2193 2181 2388 2259 Belgae

327 2295 660 2354 oppugnare
688 2287 1002 2352 coeperunt.
1086 2277 1266 2354 AEgre
1294 2296 1365 2334 eo
1386 2276 1480 2334 die
1506 2286 1880 2334 sustentatum
1912 2285 2013 2332 est.
2090 2274 2389 2332 Gallorum

330 2369 534 2426 eadem
564 2381 732 2444 atque
761 2370 1069 2447 Belgarum
1106 2368 1460 2446 oppugnatio
1499 2380 1586 2425 est
1626 2368 1768 2425 haec.
1850 2366 1985 2436 Ubi,
2014 2365 2390 2441 circumjecta

329 2461 698 2519 multitudine
727 2461 1025 2519 hominum
1053 2461 1187 2518 totis
1214 2462 1520 2532 moenibuS,
1543 2460 1799 2533 undique
1825 2457 2045 2533 lapides
2073 2457 2132 2514 in
2161 2476 2388 2515 murum

326 2551 444 2627 jaci
485 2553 656 2629 coepti
698 2545 849 2625 Sunt,
880 2571 1192 2628 murusque
1237 2552 1635 2610 defensoribus
1677 2550 1926 2608 nudatus
1968 2561 2073 2620 est,
2102 2549 2390 2607 testudine

330 2644 505 2716 facta,
532 2657 723 2722 portas
751 2645 1090 2716 Succedunt,
1121 2664 1463 2719 murumque
1485 2646 1784 2701 subruunt.
1867 2642 2049 2705 Quod
2071 2653 2192 2700 tum
2216 2640 2386 2701 facile

330 2736 519 2795 fiebat.
604 2736 777 2809 Nam,
808 2757 985 2812 quum
1012 2748 1172 2795 tanta
1199 2736 1507 2794 multitudo
1533 2736 1753 2812 lapides
1783 2755 1851 2792 ac
1877 2735 1993 2794 tela
2014 2734 2387 2811 conjicerent,

332 2828 391 2885 in
424 2849 589 2886 muro
629 2830 980 2887 consistendi
1020 2841 1272 2905 potestas
1315 2840 1435 2886 erat
1471 2829 1630 2886 nulli.
1713 2828 1918 2889 Quum
1961 2827 2132 2884 finem
2175 2847 2390 2904 oppug-

331 2921 508 2978 nandi
553 2941 667 2979 nox
707 2922 956 2992 fecisset,
998 2922 1191 2978 Iccius
1232 2920 1459 2978 Remus
1501 2920 1723 2977 summa
1765 2920 2062 2977 nobilitate
2105 2930 2163 2976 et
2203 2920 2389 2995 gratia

333 3013 480 3070 inter
508 3033 660 3083 su0S‚
691 3014 789 3088 qui
816 3025 939 3070 tum
968 3013 1178 3089 oppido
1219 3024 1480 3088 praeerat,
1511 3032 1659 3069 unus
1702 3031 1773 3069 ex
1814 3010 1922 3081 his,
1952 3010 2050 3085 qui
2098 3010 2270 3113 legati
2315 3011 2389 3069 de

332 3124 476 3180 pace
506 3105 576 3161 ad
605 3105 893 3163 Caesarem
923 3117 1215 3176 venerant,
1246 3106 1494 3161 nuncios
1536 3105 1607 3161 ad
1652 3123 1783 3161 eum
1826 3102 2020 3173 mittit,
2063 3109 2079 3136 ‘
2104 3103 2215 3159 nisi
2259 3105 2391 3160 sub-

332 3196 542 3254 sidium
569 3197 679 3254 sibi
708 3197 1092 3268 submittatur,
1122 3216 1248 3254 sese
1275 3197 1494 3253 diutius
1521 3196 1802 3253 sustinere
1831 3215 1946 3252 non
1972 3196 2176 3270 posse!

410 3286 577 3345 VII.
606 3287 694 3346 Εό
739 3289 811 3346 de
853 3289 1042 3346 media
1089 3300 1261 3346 nocte
1311 3288 1528 3360 Caesar,
1559 3287 1760 3345 iisdem
1810 3287 2057 3344 ducibus
2103 3305 2259 3357 usuS,
2290 3287 2388 3361 qui

332 3380 533 3436 nuncii
564 3381 634 3436 ab
661 3379 824 3438 Iccio
850 3392 1141 3452 venerant,
1171 3380 1460 3438 Numidas
1487 3390 1545 3437 et
1585 3379 1788 3437 Cretas
1828 3378 2152 3455 sagittarios
2180 3390 2237 3436 et
2264 3378 2390 3435 fun-

330 3472 546 3530 ditores
575 3473 843 3530 Baleares
871 3474 1126 3531 subsidio
1162 3473 1463 3548 oppidanis
1504 3471 1713 3530 mittit:
1758 3487 2001 3546 quorum
2043 3470 2289 3528 adventu
2331 3482 2383 3526 et
2437 3495 2450 3504 ·

332 3563 540 3622 Remis
568 3584 703 3621 cum
746 3584 845 3639 spe
894 3566 1243 3623 defensionis
1290 3565 1544 3622 Studium
1590 3563 1991 3639 propugnandi
2039 3563 2301 3626 accessit.
2331 3571 2389 3618 et

220 3665 255 3704 μ’(
284 3697 291 3706 -
332 3656 592 3713 hostibus
621 3657 823 3713 eadem
850 3658 922 3715 de
951 3676 1126 3714 causa
1149 3676 1276 3732 Spes
1297 3656 1561 3732 potiundi
1583 3655 1778 3731 oppidi
1800 3654 2081 3712 discessit.
2163 3653 2387 3726 Itaque,

329 3749 618 3824 paulisper
651 3749 799 3852 apud
828 3749 1100 3823 oppidum
1128 3750 1352 3819 morati,
1386 3766 1664 3824 agrosque
1687 3747 2008 3804 Remorum
2037 3742 2388 3844 depopulati,

331 3841 601 3898 omnibus
644 3840 793 3897 vicis
837 3840 1230 3916 aedificiisque,
1280 3859 1423 3914 quos
1469 3840 1626 3897 adire
1666 3847 1949 3914 poterant,
1987 3836 2270 3906 incensis,
2289 3828 2388 3887 εδ

333 3943 523 3990 castra
549 3932 795 3990 Caesaris
822 3933 1088 3990 omnibus
1116 3933 1297 4007 copiis
1326 3931 1768 3996 contenderunt,
1798 3940 1855 3986 et
1886 3929 1957 3984 ab
1985 3928 2237 3984 millibus
2264 3941 2327 3999 pr

332 4084 366 4112 .
896 4119 985 4198 ss

868 4209 895 4256 ,f

824 4265 878 4336 f
