2747 4376
297 267 429 316 cn
481 269 706 332 1⁴-1e.1
1048 269 1264 320 nmen
1306 269 1592 322 ramus.
1817 276 1824 282 ·
2299 276 2366 333 u

300 409 461 483 dari,
490 410 647 486 quod
679 430 777 469 eas
818 431 928 484 res,
958 432 1100 489 quas
1139 414 1313 491 legati
1355 413 1609 473 Helvetii
1661 415 2227 487 commemor-ament,
2256 432 2376 473 me-

303 502 500 559 moria
528 513 768 575 teneret,
799 515 969 580 atque
995 524 1068 562 eo
1093 503 1324 583 gravius
1351 505 1519 577 serre,
1549 525 1664 582 quo
1698 505 1892 567 minus
1932 505 2138 564 merito
2174 506 2372 583 populi

221 636 236 655 .
306 591 575 651 Romani
632 595 1010 654 accidissent:
1081 596 1178 671 qui
1233 597 1282 654 si
1345 597 1589 685 alicujus
1657 597 1882 685 injuria}
1936 597 2047 657 sibi
2102 597 2374 657 conscius

308 685 539 758 fuisset,
593 706 709 744 non
754 684 930 745 fuisse
975 680 1209 746 difficile
1259 707 1499 747 cavere:
1557 689 1657 747 sed
1712 707 1784 747 eo
1836 688 2162 765 deceptum,
2216 687 2373 765 quod

308 795 509 852 neque
544 779 912 838 commissum
957 798 991 836 a
1032 798 1096 838 se
1135 780 1499 882 intelligeret,
1528 799 1705 856 quare
1744 780 1990 852 timeret,
2018 799 2207 856 neque
2248 780 2375 839 sine
2433 800 2444 809 ·

312 887 497 926 causa
525 870 843 929 timendum
871 881 1112 947 putaret.
1191 870 1377 933 Quod
1404 872 1453 929 si
1481 873 1689 930 veteris
1717 872 2081 930 contumeliae
2109 871 2371 930 oblivisci

314 961 511 1032 vellet,
540 981 678 1019 num
723 962 897 1020 etiam
939 963 1258 1020 recentium
1308 962 1665 1039 injuriarum,
1694 962 1870 1039 quod,
1909 981 1981 1022 eo
2026 962 2223 1036 invito,
2266 963 2374 1023 iter

314 1070 423 1129 per
450 1053 803 1129 provinciam
829 1071 930 1130 per
959 1053 1073 1112 vim
1099 1030 1437 1126 tentassent,
1465 1053 1621 1130 quod
1662 1054 1907 1126 AEduos,
1936 1052 2092 1130 quod
2133 1054 2377 1113 Ambar-

315 1162 436 1216 ros,
492 1144 644 1219 quod
696 1145 1037 1223 Allobroges
1079 1146 1398 1218 vexassent,
1453 1146 1786 1204 memoriam
1832 1146 2120 1224 deponere
2164 1148 2374 1223 posse'l

314 1234 505 1298 Quod
544 1237 650 1294 sua
691 1236 929 1294 victoria
977 1247 1095 1295 tam
1143 1237 1454 1296 insolenter
1495 1237 1897 1316 gloriarentur,
1940 1235 2210 1314 quodque
2257 1248 2374 1295 tam
2431 1265 2454 1273 -

318 1326 424 1384 diu
452 1345 516 1385 se
552 1329 785 1404 impune
823 1326 1023 1386 tulisse
1060 1328 1298 1405 injurias
1339 1328 1776 1401 admirarentur,
1803 1327 2010 1387 eodem
2050 1328 2373 1405 pertinere:

220 1442 243 1461 =
320 1419 636 1477 consuesse
663 1419 818 1477 enim
844 1420 983 1478 deos
1010 1419 1380 1491 immortales,
1409 1417 1523 1495 quo
1553 1417 1784 1497 gravius
1826 1419 2087 1478 homines
2125 1437 2197 1477 ex
2223 1438 2378 1477 com·

321 1512 641 1568 mutatione
669 1530 858 1569 rerum
886 1511 1136 1583 doleant,
1164 1530 1308 1587 quos
1333 1530 1440 1588 pro
1466 1512 1685 1569 scelere
1712 1529 1910 1569 eorum
1946 1511 2149 1569 ulcisci
2179 1510 2375 1583 velint,

322 1601 413 1659 his
466 1602 837 1660 secundiores
891 1602 1178 1661 interdum
1232 1622 1325 1661 res
1394 1615 1452 1662 et
1506 1602 1920 1661 diuturniorem
1979 1603 2374 1680 impunitatem

321 1693 661 1752 concedere.
743 1694 947 1756 Quum
977 1712 1046 1752 ea
1073 1695 1153 1752 ita
1179 1694 1313 1766 sint,
1341 1705 1555 1766 tamen,
1578 1694 1627 1752 si
1654 1694 1890 1776 obsides
1913 1695 1982 1751 ab
2011 1692 2082 1752 iis
2101 1694 2212 1752 sibi
2238 1694 2376 1752 den-

320 1786 435 1856 tur,
468 1786 545 1843 uti
590 1805 679 1857 ea,
723 1806 850 1862 quae
892 1786 1292 1862 polliceantur,
1320 1786 1574 1844 facturos
1619 1786 1931 1865 intelligat;
1974 1799 2032 1844 et
2073 1786 2122 1844 si
2164 1785 2376 1845 AEduis

321 1876 395 1935 de
424 1870 666 1953 injuriis,
696 1896 839 1953 quas
867 1878 1004 1954 ipsis
1030 1877 1318 1952 sociisque
1358 1897 1558 1936 eorum
1601 1878 1914 1948 intulerint,
1947 1878 2081 1936 item
2124 1877 2173 1936 si
2217 1878 2377 1936 Allo-

321 1969 596 2047 brogibus
649 1969 1025 2040 satisfaciant,
1079 1988 1206 2027 sese
1259 1986 1394 2027 cum
1450 1969 1521 2027 iis
1586 1988 1790 2045 pacem
1856 1987 1983 2027 esse
2050 1969 2370 2029 facturum!

322 2060 535 2120 Divico
576 2060 902 2137 respondit:
962 2066 981 2094 ‘
1003 2059 1095 2118 Ita
1147 2060 1449 2141 Helvetios
1496 2080 1530 2119 a
1570 2061 1880 2137 majoribus
1922 2060 2042 2119 suis
2085 2061 2375 2121 institutos

322 2170 468 2225 esse,
495 2151 579 2212 uti
607 2152 836 2211 obsides
864 2151 1148 2229 accipere,
1175 2171 1293 2212 non
1319 2151 1457 2211 dare
1485 2152 1923 2212 consueverint:
1968 2151 2092 2230 ejus
2127 2152 2212 2212 rei
2238 2171 2376 2231 pop-

321 2245 482 2303 ulum
509 2245 843 2304 Romanum
885 2263 1012 2304 esse
1050 2245 1294 2303 testem.'
1413 2244 1549 2302 Hoc
1577 2264 1851 2321 responso
1878 2245 2031 2316 dato,
2060 2244 2341 2304 discessit.

401 2336 535 2395 XV.
618 2336 855 2394 Postero
899 2336 996 2394 die
1042 2347 1229 2394 castra
1271 2354 1344 2394 ex
1389 2354 1461 2394 eo
1503 2337 1633 2394 loco
1671 2347 1938 2394 movent:
1982 2336 2135 2394 idem
2177 2335 2373 2395 Caesar

324 2427 482 2499 facit,
548 2428 979 2503 equitatumque
1036 2445 1266 2484 ornnem
1328 2426 1401 2484 ad
1453 2445 1758 2486 numerum
1812 2438 2055 2502 quatuor
2109 2426 2371 2499 millium,

323 2537 493 2594 quem
523 2537 592 2577 ex
619 2519 774 2577 omni
802 2518 1101 2595 provincia
1149 2529 1208 2576 et
1237 2517 1447 2575 AEduis
1478 2529 1647 2592 atque
1676 2535 1872 2574 eorum
1903 2516 2077 2575 sociis
2104 2530 2370 2578 coactum

323 2609 588 2682 habebat,
616 2610 927 2686 praemittit,
955 2610 1055 2685 qui
1102 2609 1353 2693 videant,
1383 2628 1526 2684 quas
1567 2608 1625 2666 in
1671 2618 1861 2685 partes
1912 2608 2102 2667 hostes
2147 2607 2254 2667 iter
2295 2611 2375 2668 fa·
2473 2653 2478 2658 -

324 2701 496 2789 ciant.
577 2701 704 2764 Qui
738 2700 1006 2778 cupidius
1046 2701 1420 2759 novissimum
1463 2718 1669 2778 agmen
1710 2699 1977 2772 insecuti,
2008 2700 2199 2759 alieno
2238 2701 2373 2786 ¹⁰9⁰

323 2812 455 2850 cum
504 2792 761 2868 equitatu
807 2792 1203 2851 Helvetiorum
1251 2792 1515 2869 proelium
1559 2792 1944 2863 committunt,
1987 2802 2045 2850 et
2085 2793 2258 2868 pauci
2298 2793 2372 2852 de

323 2884 531 2942 nostris
557 2884 785 2943 cadunt.
866 2885 1011 2947 Quo
1047 2884 1250 2961 proelio
1290 2883 1498 2942 sublati
1543 2883 1815 2955 Helvetii,
1844 2882 1998 2958 quod
2041 2883 2372 2960 quingentis

324 2975 612 3051 equitibus
648 2988 866 3035 tantam
910 2963 1336 3034 multitudinem
1381 2975 1636 3051 equitum
1675 2976 2062 3052 propulerant,
2094 2975 2372 3035 audacius

324 3068 648 3140 subsistere,
695 3086 1108 3144 nonnunquam
1151 3086 1223 3125 ex
1269 3067 1581 3125 novissimo
1628 3067 1856 3144 agmine
1902 3067 2105 3142 proelio
2146 3078 2371 3126 nostros

322 3158 602 3217 lacessere
633 3169 947 3235 coeperunt.
1030 3160 1225 3217 Caesar
1252 3178 1388 3217 suos
1430 3178 1463 3216 a
1501 3158 1703 3234 proelio
1742 3158 2092 3229 continebat,
2124 3177 2193 3216 ac
2232 3160 2371 3219 satis
2431 3193 2438 3198 -

325 3248 566 3309 habebat
593 3250 653 3308 in
678 3250 985 3327 praesentia
1009 3250 1227 3309 hostem
1256 3250 1492 3326 rapiniS,
1521 3249 1983 3326 pabulationibus
2010 3250 2369 3325 population-

325 3341 562 3417 ibusque
602 3342 922 3418 prohibere.
1005 3341 1097 3406 Ita
1134 3342 1259 3399 dies
1299 3341 1533 3399 circiter
1564 3341 1896 3417 quindecim
1939 3342 2045 3398 iter
2087 3341 2367 3414 fecerunt,

324 3432 403 3491 uti
433 3434 581 3491 inter
608 3433 981 3491 novissimum
1021 3434 1270 3491 hostium
1314 3451 1520 3509 agmen
1559 3444 1618 3490 et
1662 3444 1918 3490 nostrum
1960 3433 2207 3508 primum
2250 3453 2367 3492 non

327 3524 563 3600 amplius
591 3524 782 3600 quinis
812 3535 909 3582 aut
935 3525 1089 3582 senis
1116 3525 1370 3582 millibus
1396 3543 1667 3600 passuum
1696 3519 2009 3582 interesset.

397 3615 563 3673 XVI.
647 3616 885 3674 Interim
939 3615 1196 3691 quotidie
1259 3616 1456 3673 Caesar
1515 3615 1738 3673 AEduos
1792 3615 2159 3684 frumentum,
2214 3616 2366 3689 quod

326 3717 531 3765 essent‘
554 3706 786 3783 publice
827 3706 1091 3783 polliciti,
1140 3703 1433 3783 flagitare:
1473 3725 1606 3763 nam
1653 3717 1882 3781 propter
1931 3706 2161 3782 frigora,
2210 3706 2366 3779 quod

325 3798 509 3856 Gallia
535 3798 643 3856 sub
674 3798 1194 3874 septemtrionibuS,
1224 3808 1289 3856 ut
1330 3796 1463 3855 ante
1506 3798 1725 3854 dictum
1767 3808 1873 3866 est,
1901 3798 2086 3872 posita
2114 3808 2219 3866 est,
2250 3816 2363 3853 non

325 3888 491 3947 modo
521 3889 804 3947 frumenta
831 3889 891 3947 in
920 3889 1070 3967 agris
1091 3900 1316 3947 matura
1340 3908 1456 3946 non
1486 3898 1666 3958 erant,
1689 3887 1790 3946 sed
1818 3905 1891 3944 ne
1911 3887 2106 3961 pabuli
2135 3887 2364 3961 quiden·
