2747 4376
323 319 461 369 cu.
492 320 575 381 ω,
602 322 707 383 4η
1022 320 1239 370 mssa
1283 322 1654 372 summus.
1913 280 1924 293 ⁸
2274 300 2386 386 133

318 458 452 520 fieri
498 462 655 534 velit,
702 464 990 522 ostendit:
1053 462 1113 523 in
1153 464 1355 540 primis
1402 475 1616 536 monet,
1664 477 1727 524 ut
1774 467 2110 524 contineant
2157 467 2385 540 milites,

319 572 404 612 ne
431 555 624 613 studio
649 556 944 633 pugnandi
976 567 1073 614 aut
1100 576 1200 632 spe
1228 557 1434 633 praedae
1463 557 1692 634 longius
1732 559 2168 635 progrediantur
2194 580 2206 616 :
2251 561 2384 634 quid

320 645 602 721 iniquitas
629 648 740 705 loci
772 648 976 705 habeat
1019 649 1387 718 incommodi,
1416 651 1718 724 proponit:
1765 658 1779 682 ‘
1811 650 1920 706 hoc
1950 651 2064 707 una
2094 652 2387 709 celeritate

317 754 494 816 posse
534 739 732 796 vitari:
774 740 1097 797 occasionis
1137 758 1262 797 esse
1303 759 1444 811 rem,
1474 760 1587 797 non
1618 742 1838 816 proelii!
1924 741 2038 799 His
2078 743 2248 799 rebus
2294 761 2387 800 ex-

319 831 552 906 positis,
592 831 821 907 signum
865 830 982 901 dat,
1026 842 1085 889 et
1127 832 1199 889 ab
1247 832 1482 889 dextera
1529 846 1690 908 parte
1738 833 1851 891 alio
1897 852 2136 891 ascensu
2183 834 2387 892 eodem

322 930 589 997 tempore
617 922 841 980 AEduos
869 923 1058 980 mittit.
1282 919 1285 921 ’

411 1013 629 1072 XLVI.
683 1012 900 1091 Oppidi
926 1033 1125 1073 murus
1155 1015 1225 1072 ab
1251 1013 1492 1091 planitie
1522 1025 1692 1091 atque
1719 1015 1886 1074 initio
1913 1014 2204 1087 ascensus,
2226 1018 2387 1075 recta

325 1105 589 1183 regione,
618 1104 667 1163 si
704 1106 896 1165 nullus
937 1106 1227 1185 anfractus
1268 1106 1669 1179 intercederet,
1699 1107 1873 1165 MCC
1913 1127 2113 1185 passus
2154 1109 2383 1167 aberat:

326 1197 612 1272 quidquid
652 1197 791 1254 huic
831 1196 1111 1255 circuitus
1159 1197 1231 1255 ad
1273 1198 1650 1256 molliendum
1694 1199 1905 1256 clivum
1948 1210 2288 1271 accesserat,
2327 1200 2387 1259 id

327 1289 581 1364 spatium
610 1287 832 1347 itineris
858 1288 1121 1366 augebat.
1203 1290 1261 1346 A
1289 1289 1484 1347 medio
1512 1288 1631 1348 sere
1660 1290 1810 1348 colle
1846 1290 1905 1347 in
1947 1290 2399 1368 longitudinem,-

327 1392 398 1439 ut
424 1392 631 1438 natura
656 1381 866 1438 montis
894 1381 1131 1452 serebat,
1159 1399 1230 1439 ex
1258 1381 1573 1458 grandibus
1600 1381 1753 1439 saxis
1779 1400 1881 1439 sex
1898 1381 2110 1458 pedum
2139 1399 2386 1454 murum,

330 1472 432 1548 qui
479 1483 804 1530 nostrorum
857 1471 1132 1548 impeturn
1187 1472 1459 1544 tardaret,
1512 1473 1913 1550 praedugterant
1963 1472 2138 1545 Galli,
2195 1485 2385 1548 atque,

331 1564 604 1623 inferiore
650 1564 806 1622 omni
849 1564 1034 1639 spatio
1070 1582 1256 1622 vacuo
1301 1564 1526 1636 relicto,
1570 1565 1920 1640 superiorem
1962 1576 2179 1639 partem
2224 1565 2389 1622 collis

330 1675 515 1731 usque
570 1656 641 1713 ad
694 1674 923 1713 murum
987 1655 1184 1731 oppidi
1252 1652 1610 1713 densissimis
1676 1657 1879 1713 castris
1945 1657 2383 1732 compleverant.

332 1746 574 1819 Milites,
604 1748 739 1805 dato
776 1747 964 1824 sign0,
1008 1747 1271 1804 celeriter
1315 1747 1387 1804 ad
1428 1746 1806 1805 munitionem
1850 1748 2207 1823 perveniunt,
2236 1766 2389 1806 eam-

317 1858 445 1914 .que
498 1838 858 1916 transgressi,
917 1839 1084 1897 trinis
1136 1840 1340 1896 eastris
1394 1839 1704 1914 potiuntur.
1808 1839 1902 1897 Ac
1955 1851 2115 1898 tanta
2167 1839 2272 1898 fuit
2327 1841 2386 1897 in

331 1931 630 2008 capiendis
676 1931 878 1988 castris
925 1930 1209 2001 celeritaS,
1254 1941 1314 1988 ut
1361 1930 1766 2001 TeutomatuS,
1815 1949 1915 1989 rex
1969 1930 2385 2008 Nitiobrigurn,

330 2022 520 2081 subito
550 2023 610 2080 in
637 2023 1010 2080 tabernaculo
1036 2040 1358 2098 oppressus,
1389 2034 1453 2079 ut
1482 2022 1721 2080 meridie
1771 2023 2195 2097 conquieverat,
2224 2041 2387 2098 supe-

330 2114 482 2172 riore
510 2114 763 2191 corporis
788 2124 951 2188 parte
975 2112 1213 2187 nudate,
1242 2114 1541 2172 vulnerato
1577 2133 1746 2188 equ0,
1775 2115 1867 2171 vix
1907 2133 1970 2172 se
2011 2132 2082 2171 ex
2123 2114 2386 2172 manibus

328 2207 708 2285 praedantium
736 2206 983 2263 militum
1016 2205 1278 2281 eriperet.

411 2298 659 2356 XLVII.
738 2297 1103 2355 Consecutus
1156 2297 1236 2368 id,
1290 2297 1447 2372 quod
1502 2297 1693 2355 animo
1744 2308 2135 2372 proposuerat,
2190 2298 2385 2356 Caesar

331 2390 590 2466 receptui
618 2390 750 2447 cani
772 2389 961 2465 jussit,
989 2389 1349 2466 legionisque
1376 2388 1637 2460 decimae,
1667 2389 1782 2463 qua
1824 2401 1944 2445 turn
1987 2400 2110 2446 erat
2151 2388 2384 2446 comita·

332 2493 445 2554 tus,
493 2484 658 2559 signa
704 2479 1033 2539 constitere.
1136 2480 1218 2538 At
1263 2480 1613 2556 reliquarum
1651 2480 1863 2537 milites
1905 2480 2220 2556 legionum,
2269 2500 2385 2539 non

331 2574 602 2633 exaudito
628 2574 779 2631 tubae
808 2592 969 2644 son0,
991 2571 1146 2647 qudd
1169 2569 1308 2630 satis
1329 2590 1540 2649 magna
1560 2571 1735 2629 valles
1757 2571 2168 2642 intercedebat,
2193 2582 2384 2629 tamen

335 2666 407 2725 ab
445 2665 693 2724 tribunis
732 2664 977 2722 militum
1020 2663 1357 2741 legatisque,
1388 2673 1452 2721 ut
1490 2673 1613 2721 erat
1660 2682 1694 2721 a
1739 2663 1970 2721 Caesare
2016 2675 2384 2739 praeceptum,

333 2758 763 2816 retinebantur:
818 2756 920 2814 sed
966 2756 1100 2814 elati
1148 2774 1249 2831 spe
1297 2755 1503 2813 celeris
1550 2756 1803 2814 victoriae
1852 2766 1909 2813 et
1954 2753 2198 2812 hostium
2249 2756 2384 2833 fuga

333 2850 805 2926 superiorumque
836 2859 1158 2923 temporum
1198 2847 1470 2904 secundis
1507 2847 1743 2923 proeliis,
1775 2846 1923 2904 nihil
1960 2846 2102 2904 adeo
2147 2847 2384 2905 arduum
2452 2908 2459 2913 ,

293 2943 445 3023 „Sibi
491 2941 911 3017 existimabant,
953 2939 1115 3014 qnod·
1155 2959 1271 2996 non
1317 2938 1525 2996 virtute
1573 2938 1847 3012 consequi
1893 2952 2155 3014 possent3
2197 2958 2387 3014 neque

332 3033 495 3110 prius
540 3033 711 3091 finem
761 3032 1037 3106 sequendi
1084 3031 1364 3103 fecerunt,
1415 3030 1588 3106 quam
1631 3050 1798 3088 muro
1849 3031 2042 3106 oppidi
2096 3032 2386 3106 portisque

336 3125 870 3201 appropinquarent.
953 3122 1112 3180 Tum
1166 3122 1301 3181 verb
1344 3141 1415 3180 ex
1456 3123 1724 3180 omnibus
1770 3123 1927 3179 urbis
1967 3123 2221 3198 partibus
2261 3135 2386 3181 orto

336 3218 604 3286 clamore,
628 3216 724 3290 qui
753 3213 981 3292 longius
1010 3215 1263 3285 aberant,
1285 3215 1588 3291 repentino
1608 3214 1853 3272 tumultu
1882 3214 2185 3289 perterriti,
2208 3234 2385 3289 quum

335 3309 553 3366 hostem
584 3308 735 3365 intra
759 3319 951 3382 portas
979 3325 1105 3364 esse
1133 3307 1542 3377 existimarent,
1574 3325 1698 3364 sese
1725 3324 1796 3364 ex
1823 3306 2034 3381 oppido
2073 3306 2368 3382 ejecerunt

336 3400 555 3458 Matres
609 3399 839 3457 familiae
886 3398 960 3456 de
1007 3418 1173 3456 muro
1226 3409 1442 3456 vestem
1500 3409 1911 3475 argentumque
1959 3398 2273 3474 jactabant,
2328 3408 2384 3457 et

334 3492 584 3567 pectoris
639 3491 752 3548 fine
797 3490 1205 3566 prominenteS‚
1250 3489 1433 3565 passis
1479 3490 1744 3547 manibus
1791 3490 2218 3547 obtestabantur
2266 3490 2386 3547 Ro-

336 3602 555 3653 manos,
585 3593 648 3640 ut
688 3583 798 3640 sibi
838 3592 1160 3659 parcerent,
1189 3600 1325 3651 neu,
1353 3582 1508 3640 sicut
1549 3581 1783 3638 Avarici
1834 3582 2121 3651 fecissent,
2151 3599 2224 3638 ue
2266 3599 2387 3637 mu-

334 3674 571 3733 lieribus
624 3673 856 3748 quidem
909 3684 1079 3747 atque
1127 3672 1442 3730 infantibus
1487 3672 1850 3730 abstinerent.
1935 3672 2264 3740 Nonnullae,
2313 3671 2386 3729 de

336 3766 513 3822 muris
538 3783 640 3840 per
668 3760 872 3822 manus
899 3764 1178 3835 demissae,
1202 3783 1328 3822 sese
1356 3764 1633 3822 militibus
1660 3764 1974 3821 tradebant.
2059 3762 2124 3819 L.
2150 3761 2384 3832 Fabius,

334 3857 599 3915 centurio
625 3856 869 3934 legionis
895 3856 1064 3927 vlll,
1086 3875 1256 3931 quem
1287 3856 1434 3914 inter
1457 3875 1590 3914 suos
1618 3874 1688 3913 eo
1714 3855 1809 3913 die
1838 3855 2047 3911 dixisse
2069 3855 2385 3926 constabat,

338 3948 615 4007 ‘excitari
658 3966 722 4006 se
770 3948 1219 4006 Avaricensibus
1261 3947 1530 4023 praemiiS,
1574 3964 1764 4019 neque
1811 3944 2270 4015 commissurum,
2324 3956 2412 4015 ut,

974 4038 1047 4098 12
