2747 4376
406 272 550 322 en.
582 275 816 340 50-53]
1089 287 1098 292 ·
1139 274 1354 324 mssa
1399 272 1811 324 serianus.-
1856 256 1867 261 ’
2367 276 2477 334 135

406 416 758 492 duobusque
797 418 1133 490 interfectis,
1163 419 1413 494 reliquos
1442 438 1475 475 a
1500 418 1664 494 porta
1704 415 1941 493 paulurn
1982 416 2281 474 submovit.
2366 417 2478 473 Co-

408 509 691 567 nantibus
720 510 981 568 auxiliari
1009 511 1149 582 suis,
1179 518 1213 542 “
1242 511 1508 581 frustra,'.'
1542 510 1746 584 inquit,
1777 517 1811 541 “
1838 528 1979 565 meae
2010 510 2136 565 vitae
2174 510 2476 566 subvenire

411 601 735 673 conamini,
765 620 938 675 quem
974 602 1094 678 jam
1135 602 1370 679 sanguis
1400 603 1659 677 viresque
1688 601 1978 658 deficiunt.
2062 600 2311 657 Proinde
2340 601 2476 658 hinc

413 693 594 759 abite,
646 693 782 749 dum
830 704 917 751 est
957 693 1219 764 facultas,
1268 712 1482 768 vosque
1531 694 1601 749 ad
1654 692 1941 769 legionem
1996 691 2288 767 recipite.'’
2387 691 2474 750 Ita

412 802 703 861 pugnanS,
731 783 862 860 post
889 784 1127 861 paulum
1156 786 1432 857 concidit,
1465 804 1532 842 ac
1560 786 1678 843 suis
1705 784 1874 843 saluti
1903 784 2027 841 suit.

498 875 596 933 LI.
654 874 855 934 Nostri
884 895 1062 951 quum
1092 877 1345 953 undique
1370 888 1785 952 premerentur,
1814 875 2012 933 XLVI
2042 875 2476 933 centurionibus

418 967 667 1038 amissis,
695 968 906 1045 dejecti
933 979 1068 1025 sunt
1093 969 1260 1026 loco:
1304 970 1406 1026 sed
1435 967 1835 1026 intolerantius
1875 967 2070 1024 Gallos
2111 967 2476 1042 insequentes

416 1059 576 1136 legio
602 1059 662 1116 X
690 1060 952 1131 tardavit,
982 1080 1108 1134 quae
1134 1076 1239 1136 pro
1277 1061 1538 1118 subsidio
1575 1060 1748 1136 paulo
1788 1060 2035 1135 aequiore
2075 1059 2204 1116 loco
2245 1058 2477 1117 constit·

416 1161 558 1208 erat.
643 1151 817 1209 Hanc
844 1170 1040 1209 rursus
1066 1151 1219 1209 XIII
1260 1152 1508 1229 legionis
1537 1151 1800 1209 cohortes
1828 1162 2196 1226 exceperunt,
2227 1169 2375 1225 quae,
2405 1168 2474 1220 ex

415 1242 625 1311 castris
652 1234 970 1300 minoribus
997 1242 1242 1314 eductae,
1272 1262 1407 1300 cum
1433 1243 1509 1301 T.
1542 1243 1741 1301 Sextio
1767 1244 1957 1319 legato
1985 1252 2254 1317 ceperant
2281 1242 2475 1299 locum

413 1334 787 1410 superiorem.
870 1334 1177 1411 Legiones,
1227 1335 1328 1392 ubi
1376 1332 1627 1410 primurn
1671 1334 1966 1411 planitiem
2023 1333 2351 1410 attigerunt,
2393 1334 2476 1390 in-

415 1425 580 1483 festis
633 1436 834 1483 contra
886 1425 1077 1484 hostes
1130 1426 1312 1503 signis
1380 1426 1777 1484 constiterunt.
1889 1426 2337 1501 Vercingetorix
2404 1426 2474 1482 ab

412 1517 713 1589 radicibus
740 1518 904 1575 collis
930 1537 1064 1576 suos
1092 1519 1243 1575 intra
1284 1518 1635 1575 munitiones
1676 1517 1916 1576 reduxit.
2000 1518 2089 1575 Eo
2129 1518 2223 1574 die
2266 1517 2475 1576 milites

413 1619 553 1666 sunt
578 1609 749 1684 paulo
777 1608 967 1667 minus
993 1610 1157 1667 DCC
1196 1610 1523 1667 desiderati.
1774 1599 1793 1612 Χ

497 1700 628 1758 LII.
684 1700 922 1759 Postero
975 1701 1069 1758 die
1123 1701 1339 1772 Caesar,
1396 1701 1681 1759 concione
1745 1701 2039 1772 advocata,
2095 1701 2472 1759 temeritatem

416 1792 907 1869 cupiditatemque
936 1793 1181 1850 militum
1209 1792 1597 1869 reprehendit,
1641 1801 1655 1825 ‘
1677 1792 1832 1868 quod
1873 1792 1982 1851 sibi
2025 1793 2129 1869 ipsi
2167 1793 2473 1870 judicavis-

416 1893 566 1955 sent,
614 1884 728 1960 quo
770 1884 1200 1960 procedendum
1256 1895 1353 1941 aut
1402 1883 1539 1960 quid
1588 1885 1874 1961 agendum
1925 1885 2227 1956 videretur,
2282 1903 2471 1959 neque

414 1975 586 2053 signo
628 1976 943 2052 recipiendi
985 1975 1121 2034 dato
1161 1976 1570 2048 constitissent,
1601 1994 1788 2051 neque
1826 1977 1896 2033 ab
1937 1977 2182 2034 tribunis
2225 1976 2468 2033 militum

401 2068 733 2145 legatisque
774 2067 1008 2125 retineri
1054 2068 1373 2143 potuissent
1393 2088 1406 2125 ε
1430 2069 1444 2095 ’
1488 2068 1764 2144 expositO,
1820 2076 1835 2101 ‘
1857 2068 1994 2144 quid
2043 2069 2312 2143 iniquitas
2354 2068 2469 2125 loci

413 2170 626 2236 posset,
654 2159 790 2236 quid
837 2160 956 2235 ipse
1001 2159 1072 2217 ad
1120 2159 1436 2219 Avaricum
1479 2160 1769 2232 sensisset,
1806 2179 2009 2236 quum,
2050 2161 2174 2218 sine
2223 2161 2373 2219 duce
2412 2171 2470 2219 et

407 2252 542 2310 sine
570 2253 826 2327 equitatu
871 2252 1240 2327 deprehensis
1284 2251 1561 2323 hostibus,
1590 2252 1936 2328 exploratam
1971 2253 2267 2310 victoriam
2309 2252 2470 2310 dimi-

413 2345 600 2415 sisset,
640 2363 714 2401 ne
753 2363 988 2420 parvum
1031 2341 1201 2401 modo
1251 2343 1656 2401 detrimentum
1714 2344 1773 2401 in
1821 2344 2189 2401 contentione
2242 2357 2469 2420 propter

414 2436 774 2511 iniquitatem
800 2436 916 2493 loci
947 2434 1250 2493 accideret.
1333 2435 1578 2497 Quanto
1603 2454 1777 2510 opere
1804 2454 2002 2493 eorum
2037 2435 2210 2491 animi
2255 2435 2471 2509 magni·

413 2528 673 2585 tudinem
730 2527 1126 2598 admiraretur,
1190 2546 1333 2602 quos
1387 2547 1505 2584 non
1560 2525 1874 2584 castrorum
1931 2527 2297 2598 munitiones,
2354 2546 2469 2584 non

411 2619 656 2676 altitudo
708 2619 937 2690 montiS,
994 2638 1112 2676 non
1164 2637 1363 2677 murus
1415 2619 1610 2695 oppidi
1665 2618 1892 2676 tardare
1930 2618 2245 2694 potuisset3
2308 2630 2470 2682 tanto

415 2728 590 2786 opere
632 2711 930 2768 licentiam
980 2710 1479 2787 arrogantiamque
1527 2709 1965 2786 reprehendere,
2013 2710 2164 2785 quod
2214 2709 2343 2786 plus
2385 2730 2467 2783 se,

405 2803 588 2877 quam
615 2795 1037 2878 imperatorem,
1065 2802 1138 2860 de
1165 2802 1408 2860 victoria
1437 2814 1606 2877 atque
1645 2803 1803 2860 exitu
1845 2820 2035 2859 rerum
2073 2804 2285 2861 sentire
2325 2804 2471 2862 exis-

416 2896 717 2953 timarent:
760 2913 872 2952 nec
912 2893 1104 2953 minus
1145 2912 1208 2952 se
1249 2894 1310 2952 in
1350 2894 1533 2952 milite
1561 2895 1897 2953 modestiam
1933 2908 1992 2952 et
2032 2895 2466 2967 continentiam,

415 2984 589 3060 quarn
618 2986 883 3044 virtutem
915 2997 1085 3061 atque
1114 2985 1290 3044 animi
1318 2986 1776 3062 magnitudinem
1803 2987 2163 3044 desiderare.’

494 3077 651 3136 LIII.
710 3078 843 3136 Hac
871 3078 1065 3135 habita
1094 3078 1398 3148 concione,
1424 3087 1483 3135 et
1512 3078 1583 3134 ad
1620 3091 1937 3136 extremum
1966 3079 2223 3136 oratione
2266 3087 2469 3136 connr-
2563 3080 2577 3093 ‘

413 3170 581 3227 matis
607 3170 905 3240 militibus,
935 3177 949 3201 ‘
974 3188 1048 3226 ne
1072 3170 1146 3226 ob
1169 3169 1319 3226 hanc
1341 3188 1574 3226 causam
1606 3170 1797 3227 animo
1816 3181 2301 3246 permoverentur,
2330 3189 2466 3243 neu,

415 3261 566 3335 quod
580 3261 853 3336 iniquitas
866 3261 981 3318 loci
999 3261 1299 3332 attulisset,
1316 3260 1375 3318 id
1388 3261 1583 3338 virtuti
1603 3262 1847 3319 hostium
1863 3262 2178 3320 tribuerent
2196 3283 2210 3332 ;
2225 3265 2241 3290 '
2267 3263 2465 3321 eadem

414 3352 486 3409 de
512 3353 869 3428 profectione
898 3353 1180 3429 cogitanS‚
1209 3371 1335 3427 quae
1380 3351 1512 3410 ante
1555 3364 1829 3425 senserat,
1859 3354 2116 3430 legiones
2156 3373 2227 3411 ex
2267 3356 2469 3413 castris

413 3444 629 3516 eduxit,
662 3444 960 3520 aciemque
987 3444 1196 3501 idoneo
1223 3445 1353 3501 loco
1387 3444 1700 3517 constituit.
1780 3444 1983 3506 Quum
2028 3445 2468 3523 Vercingetorix

413 3535 595 3593 nihilo
634 3535 819 3613 magis
860 3537 919 3593 in
959 3552 1188 3610 aequum
1228 3536 1422 3601 locum
1463 3537 1856 3608 descenderet,
1886 3537 1996 3594 levi
2039 3537 2192 3594 facto
2219 3538 2467 3612 equestri

412 3628 616 3703 proelio
644 3638 813 3703 atque
840 3646 911 3684 eo
946 3628 1223 3699 secundo,
1253 3626 1312 3685 in
1355 3639 1544 3685 castra
1582 3628 1897 3695 exercitum
1940 3628 2180 3685 reduxit.
2261 3628 2467 3689 Quum

415 3719 526 3776 hoc
555 3719 707 3777 idem
732 3729 964 3795 postero
993 3719 1088 3777 die
1130 3719 1378 3790 fecisset,
1407 3719 1546 3777 satis
1587 3719 1658 3776 ad
1703 3720 1988 3777 Gallicam
2028 3719 2468 3778 ostentationem

414 3811 786 3871 minuendam
839 3810 1202 3885 militumque
1257 3810 1479 3868 animos
1532 3810 1955 3868 confirmandos
2010 3810 2223 3881 factum
2279 3812 2470 3870 existi-

401 3900 599 3975 ‘mans,
627 3902 687 3965 in
716 3902 942 3962 AEduos
971 3912 1159 3959 castra
1185 3902 1378 3959 movit.
1463 3901 1557 3959 Ne
1597 3912 1719 3959 tum
1762 3901 1994 3982 quidem
2038 3900 2314 3960 insecutis
2342 3903 2466 3971 hos-
