2747 4376
365 296 444 354 ω
1019 293 1114 341 DE
1162 291 1394 341 BELLO
1442 292 1762 340 GALLlco
1789 286 1804 297 ⁹
2037 292 2195 356 [Car.
2237 291 2426 339 15-17

366 435 462 494 fici
493 436 769 507 viderent,
802 435 972 519 armis
1003 435 1260 512 abjectis,
1289 435 1585 512 signisque
1628 434 1970 492 militaribus
2007 433 2245 504 relictis,
2274 452 2337 490 se
2362 451 2438 490 ex

367 529 570 586 castris
616 527 948 604 ejecerunt;
991 539 1068 598 et,
1118 546 1293 602 quum
1345 527 1417 583 ad
1468 526 1857 584 confluentem
1898 524 2079 583 Mosae
2126 537 2183 583 et
2239 525 2437 583 Rheni

364 619 775 695 pervenissent,
805 619 1025 694 reliqua
1057 619 1192 695 fuga
1221 618 1543 694 desperata,
1574 638 1786 695 magno
1822 604 2063 674 numero
2108 617 2434 689 interfectO,

356 710 571 785 'reliqui
600 729 663 769 se
691 711 750 768 in
780 710 992 767 flumen
1034 710 1572 786 praecipitaverunt3
1618 721 1789 784 atque
1830 708 1911 767 ibi
1953 709 2179 780 timore,
2210 708 2435 766 lassitu-

366 802 521 870 dine,
552 802 606 860 vi
655 802 909 860 fluminis
956 802 1212 878 oppressi
1260 802 1570 877 perierunt.
1655 800 1855 858 Nostri
1899 801 1970 857 ad
2013 800 2189 858 unuin
2232 820 2435 859 omnes

283 889 707 994 (incolumes,
755 894 1060 971 perpaucis
1105 893 1437 964 vulneratis,
1483 911 1553 949 ex
1600 893 1745 949 tanti
1791 892 1924 950 belli
1973 880 2199 963 timore,
2254 910 2432 966 quum

365 986 613 1044 hostium
670 1004 943 1043 numerus
998 984 1253 1060 capitum
1308 983 1608 1043 CDXXX
1670 983 1914 1040 millium
1979 983 2197 1054 fuisset,
2253 1002 2316 1041 se
2370 984 2430 1041 in

364 1090 554 1135 castra
594 1088 949 1153 receperunt.
1034 1076 1231 1133 Caesar
1283 1074 1390 1147 his,
1421 1094 1564 1150 quos
1608 1075 1667 1132 in
1709 1074 1913 1132 castris
1954 1074 2290 1146 retinuerat,
2306 1075 2431 1132 ·dis-

365 1169 609 1226 cedendi
636 1179 977 1245 potestatem
1014 1167 1189 1225 fecit:
1234 1165 1316 1224 illi
1361 1165 1646 1242 supplicia
1686 1158 2091 1240 cruciatusque
2130 1165 2426 1223 Gallorum

364 1259 549 1333 veriti,
579 1279 834 1336 quorum,
868 1278 1034 1337 agros
1069 1269 1430 1330 vexaverant,
1471 1275 1771 1316 remanere
1811 1275 1874 1315 se
1916 1256 2065 1333 apud
2108 1275 2239 1316 eum
2288 1257 2427 1315 velle

364 1351 645 1409 dixerunt.
733 1352 842 1409 His
870 1351 1063 1410 Caesar
1092 1350 1415 1408 libertatem
1444 1348 1749 1407 concessit.

443 1443 608 1520 xyl.
663 1443 1016 1501 Germanico
1068 1441 1220 1500 bello
1271 1440 1560 1512 confect0,
1604 1439 1799 1498 multis
1854 1440 1927 1498 de
1982 1438 2176 1497 causis
2230 1438 2426 1497 Caesar

365 1535 563 1592 statuit
590 1535 699 1593 sibi
727 1535 1005 1592 Rhenum
1033 1552 1158 1592 esse
1185 1532 1601 1591 transeundum
1626 1551 1639 1589 :
1682 1550 1923 1607 quarum
1955 1530 2053 1588 illa
2095 1531 2203 1589 fuit
2237 1531 2427 1608 justis·

364 1626 528 1696 sima,
558 1625 734 1701 quod,
765 1645 938 1702 quum
984 1625 1202 1683 videret
1242 1625 1567 1683 Germanos
1604 1626 1722 1681 tam
1769 1621 1939 1681 facile
1988 1622 2225 1699 impelli,
2263 1635 2326 1681 ut
2367 1624 2426 1681 in

354 1716 612 1797 *Galliam
664 1717 944 1789 venirent,
974 1717 1094 1773 suis
1133 1716 1364 1791 quoque
1412 1716 1586 1774 rebus
1633 1734 1733 1773 eos
1773 1715 1979 1773 timere
2024 1714 2222 1787 voluit,
2249 1734 2427 1790 quum

366 1807 751 1885 intelligerent
779 1820 836 1866 et
861 1827 1030 1884 posse
1057 1819 1115 1865 et
1144 1808 1354 1865 audere
1384 1808 1580 1884 populi
1608 1806 1865 1864 Romani
1907 1805 2224 1865 exercitum
2270 1806 2428 1865 Rhe·

364 1918 503 1956 num
531 1900 788 1957 transire.
873 1899 1142 1957 Accessit
1169 1901 1363 1970 etiarn,
1395 1898 1549 1974 quod
1592 1899 1691 1956 illa
1728 1917 1860 1975 pars
1899 1898 2189 1974 equitatfis
2232 1898 2427 1975 Usipe-

364 2001 487 2048 tum
534 2002 593 2048 et
637 1990 1164 2064 Tenchtherorum,
1207 2011 1380 2066 quam
1422 1990 1595 2066 supra
1644 1989 2086 2048 commemoravi
2132 1990 2425 2066 praedandi

364 2081 862 2158 frumentandique
917 2083 1094 2139 causa
1150 2082 1377 2140 Mosam
1431 2080 1723 2153 transisse,
1751 2095 1954 2156 'neque
2006 2081 2210 2157 proelio
2247 2072 2427 2139 'inter-

365 2173 559 2247 fuisse,
588 2186 714 2252 post
760 2175 952 2253 fugam
1001 2195 1236 2233 suorum
1283 2194 1345 2233 se
1392 2185 1551 2233 trans
1592 2174 1868 2233 Rhenum
1913 2173 1971 2231 in
2015 2174 2158 2231 fines
2200 2173 2424 2252 Sigam-

362 2266 595 2325 brorum
623 2279 937 2344 receperat,
966 2286 1142 2343 seque
1172 2286 1302 2324 cum
1338 2267 1408 2324 iis
1448 2258 1839 2342 conjunxerat.
1925 2266 2028 2323 Ad
2063 2284 2207 2340 quos
2248 2285 2424 2340 quum

361 2343 557 2419 Caesai·
598 2359 843 2417 nuncios
890 2360 1156 2430 misisset,
1186 2358 1282 2433 qui
1323 2359 1699 2434 postularent,
1731 2365 1746 2391 ‘
1772 2376 1890 2429 eos,
1920 2358 2018 2432 qui
2061 2358 2170 2415 sibi
2198 2358 2425 2415 Galliae-

362 2469 473 2525 que
515 2452 724 2509 bellum
770 2451 1114 2522 intulissent,
1157 2450 1268 2507 sibi
1314 2450 1627 2521 dederent,’
1673 2450 2127 2525 responderunt:
2173 2458 2187 2482 ⁸
2218 2448 2421 2525 Populi

361 2543 617 2601 Romani
660 2544 963 2620 imperium
1006 2542 1282 2599 Rhenum
1323 2542 1526 2599 finire:
1570 2542 1638 2612 si,
1669 2559 1731 2599 se
1775 2542 1972 2613 invito,
2000 2541 2322 2599 Germanos
2363 2542 2421 2599 in

360 2634 609 2691 Galliam
653 2635 896 2692 transire
940 2653 1057 2690 non
1113 2653 1338 2707 aequum
1389 2633 1760 2704 existimaret,
1806 2652 1912 2690 cur
1967 2632 2054 2690 sui
2111 2633 2419 2708 quidquam
2511 2671 2516 2676 -

318 2761 325 2770 »
360 2744 486 2783 esse
529 2726 751 2802 imperii
802 2737 900 2783 aut
939 2725 1237 2800 potestatis
1286 2737 1444 2782 trans
1492 2725 1768 2783 Rhenum
1816 2725 2167 2801 postularet?
2188 2726 2201 2749 '
2287 2723 2420 2782 Ubii

362 2827 574 2887 autem,
604 2817 701 2892 qui
732 2818 830 2874 uni
862 2836 933 2874 ex
960 2816 1427 2874 Transrhenanis
1457 2817 1526 2874 ad
1565 2817 1854 2874 Caesarem
1884 2817 2101 2893 legatos
2131 2816 2418 2889 miserant,

362 2908 674 2965 amicitiam
716 2907 990 2979 fecerant,
1020 2907 1250 2978 obsides
1290 2908 1587 2979 dederant,
1626 2926 1973 2985 magnopere
2015 2909 2274 2978 orabant,
2319 2915 2335 2941 ⁴
2360 2919 2421 2965 ut

359 2999 468 3056 sibi
501 3000 773 3057 auxilium
804 2999 994 3071 ferret,
1024 2998 1179 3074 quod
1208 3000 1455 3076 graviter
1487 3001 1557 3058 ab
1596 3001 1802 3076 Suevis
1840 3011 2267 3076 premerentur3
2312 3000 2417 3072 vel,

359 3091 409 3148 si
440 3090 495 3147 id
527 3091 716 3148 facere
758 3091 1240 3167 occupationibus
1282 3092 1614 3167 reipublicae
1655 3092 2073 3166 prohiberetur,
2103 3092 2416 3149 exercitum

359 3182 530 3240 modo
587 3182 861 3240 Rhenum
917 3194 1360 3258 transportaret:
1421 3182 1477 3239 id
1526 3182 1635 3240 sibi
1693 3184 1763 3240 ad
1820 3183 2092 3240 auxilium
2146 3199 2417 3257 spemque

322 3274 562 3352 ‚Qeliqui
618 3275 890 3349 temporis
943 3273 1080 3332 satis
1135 3274 1428 3332 futurum:
1498 3286 1721 3332 tantum
1777 3293 1902 3332 esse
1968 3292 2180 3332 nomen
2250 3285 2417 3349 atque

272 3431 279 3438 ἱ
359 3364 689 3440 opinionem
730 3365 851 3441 ejus
898 3367 1205 3437 exercitsm,
1251 3367 1549 3425 'Ariovisto
1595 3367 1780 3443 puls0,
1828 3378 1886 3423 et
1941 3366 2051 3422 hoc
2108 3364 2416 3423 novissimo

358 3456 560 3532 proelio
589 3457 760 3528 fact0,
790 3457 962 3515 etiam
995 3457 1064 3514 ad
1095 3459 1324 3515 ultimas
1359 3458 1780 3516 Germanorum
1825 3457 2106 3525 nationeS,
2138 3453 2236 3515 uti
2262 3456 2418 3532 opin-

362 3549 493 3607 ione
547 3560 604 3607 et
661 3549 914 3606 amicitia
954 3550 1151 3625 populi
1206 3550 1463 3606 Romani
1518 3551 1625 3606 tuti
1675 3568 1801 3607 esse
1846 3548 2081 3624 possint.
2169 3547 2414 3605 Navium

360 3661 626 3717 magnam
656 3640 880 3716 copiam
912 3640 981 3697 ad
1008 3641 1509 3716 transportandum
1539 3643 1853 3702 exercitum
1880 3639 2337 3714 pollicebantur!

440 3732 636 3790 XVII.
694 3732 889 3789 Caesar
933 3733 1022 3789 his
1069 3732 1141 3790 de
1186 3733 1397 3803 causiS,
1449 3752 1589 3806 quas
1632 3730 2094 3800 commemoravi,
2145 3730 2416 3788 Rhenum

359 3824 602 3882 transire
646 3823 1009 3893 decreverat;
1070 3823 1173 3880 sed
1220 3824 1465 3879 navibus
1506 3823 1749 3879 transire
1801 3839 1989 3894 neque
2043 3820 2183 3877 satis
2235 3831 2415 3878 tutum

361 3933 486 3974 esse
525 3915 921 3984 arbitrabatur,
961 3933 1149 3989 neque
1191 3933 1328 3983 suae,
1360 3931 1548 3986 neque
1586 3911 1781 3985 populi
1827 3910 2081 3967 Romani
2126 3909 2416 3987 dignitatis
