2747 4376
330 288 469 337 en.
503 288 677 350 a-aj
1078 285 1292 333 unna
1337 283 1674 343 Quuvrus.
2336 286 2414 343 73

335 430 462 489 suis
502 429 772 506 privatim
823 428 996 485 rebus
1036 428 1109 485 ab
1152 446 1225 486 eo
1269 440 1470 504 petere
1517 439 1835 504 coeperunt,
1877 425 2151 502 quoniam
2194 426 2414 485 civitati

342 522 649 579 consulere
689 540 807 578 non
847 531 1101 596 possent,
1140 519 1572 577 Indutiomarus
1613 522 1844 592 verituS,
1885 537 1961 576 ne
2016 519 2090 575 ab
2143 518 2414 576 omnibus

344 614 726 684 desereretur,
755 613 977 689 legatos
1008 612 1078 668 ad
1107 611 1399 669 Caesarem
1441 612 1647 670 mittit:
1691 619 1706 645 ‘
1732 614 1876 669 Sese
1916 612 2138 669 idcirco
2179 610 2252 667 ab
2291 611 2412 668 suis

347 705 670 776 discedere,
700 715 871 779 atque
902 704 974 760 ad
1003 722 1137 760 eum
1165 704 1360 760 venire
1389 704 1662 775 noluisse,
1691 703 1807 779 quo
1850 701 2079 761 facilius
2118 703 2410 760 civitatem

348 798 411 857 in
431 796 634 855 ‘officio
660 797 1003 867 contineret,
1032 813 1107 852 ne
1134 795 1322 853 omnis
1348 795 1664 853 nobilitatis
1691 796 1947 853 discessu
1980 795 2142 870 plebs
2178 805 2409 870 propter

350 874 796 965 imprudentiam
823 887 1128 944 laberetur.
1211 886 1417 961 Itaque
1437 904 1563 945 esse
1585 886 1875 945 civitatem
1896 887 1955 944 in
1982 887 2089 944 sua
2106 896 2409 962 potestate,

349 999 548 1056 seque,
577 980 627 1037 si
643 979 852 1037 ‘Caesar
878 978 1253 1053 permitteret,
1285 977 1357 1034 ad
1384 995 1517 1034 eum
1545 979 1606 1034 in
1634 989 1824 1035 castra
1847 988 2170 1050 venturum,
2191 987 2251 1036 et
2274 995 2409 1036 suas

351 1072 716 1146 civitatisque
744 1070 1001 1127 fortunas
1027 1069 1150 1144 ejus
1176 1069 1309 1126 fidei
1336 1069 1785 1144 permissurum!

430 1163 536 1222 IV.
592 1162 811 1234 Caesar,
865 1161 977 1219 etsi
1019 1160 1399 1238 intelligebat,
1442 1161 1558 1235 qua
1603 1161 1677 1220 de
1723 1161 1901 1219 causa
1945 1179 2016 1219 ea
2060 1161 2408 1233 dicerentur,

351 1272 598 1332 quaeque
645 1270 781 1312 eum
823 1271 919 1311 res
963 1253 1038 1309 ab
1084 1251 1349 1310 instituto
1396 1251 1640 1311 consilio
1690 1252 2022 1325 deterreret,
2075 1263 2288 1323 tamen,
2334 1269 2412 1310 ne

353 1356 609 1405 aestatem
637 1344 696 1403 in
733 1343 997 1417 Treviris
1036 1361 1379 1402 consumere
1420 1354 1743 1420 cogeretur,
1769 1344 2036 1402 omnibus
2078 1343 2149 1401 ad
2191 1343 2411 1401 Britan-

352 1438 552 1495 nicum
579 1437 795 1494 bellum
821 1436 996 1493 rebus
1026 1435 1391 1510 comparatiS,
1420 1434 1878 1492 Indutiomarum
1919 1435 1989 1492 ad
2032 1453 2095 1492 se
2137 1452 2270 1490 curn
2312 1434 2413 1490 du-

351 1529 540 1587 centis
566 1528 866 1609 obsidibus
893 1527 1088 1584 venire
1110 1526 1296 1603 jussit.
1384 1526 1496 1584 His
1525 1526 1808 1598 adductiS,
1837 1527 1897 1584 in
1939 1526 2009 1583 iis
2038 1526 2159 1584 filio
2184 1525 2412 1602 propin·

351 1620 596 1695 quisque
636 1620 760 1695 ejus
806 1619 1095 1689 omnibus,
1124 1636 1268 1693 quos
1315 1617 1655 1675 nominatim
1702 1628 2053 1690 evocaverat,
2083 1617 2410 1675 consolatus

310 1745 313 1747 Δ
350 1711 811 1768 Indutiomarum
840 1710 1216 1784 hortatusque
1239 1719 1344 1780 est,
1377 1707 1459 1767 uti
1490 1709 1550 1767 in
1578 1709 1769 1767 officio
1793 1723 2185 1786 permaneret:
2226 1709 2409 1768 nihilo

350 1813 544 1861 tamen
591 1801 785 1860 secius
839 1801 1199 1877 principibus
1251 1800 1627 1858 Trevirorum
1675 1802 1745 1858 ad
1792 1821 1855 1860 se
1897 1802 2247 1873 convocatis,
2304 1802 2407 1860 hos

354 1895 689 1972 singillatim
719 1893 1080 1970 Cingetorigi
1111 1893 1479 1950 conciliavit:
1523 1894 1675 1967 quod
1712 1912 1884 1968 quum
1929 1895 2132 1952 merito
2170 1894 2293 1970 ejus
2335 1895 2406 1951 ab

353 2006 414 2045 se
466 1987 592 2045 fieri
647 1984 1027 2064 intelligebat,
1074 1996 1196 2042 tum
1251 1984 1447 2060 magni
1503 1985 1776 2042 interesse
1830 1986 2228 2057 arbitrabatur,
2283 1985 2406 2061 ejus

355 2078 754 2136 auctoritatem
782 2078 930 2134 inter
958 2095 1091 2133 suos
1118 2072 1292 2151 quam
1318 2075 1631 2151 plurimum
1658 2077 1864 2148 valere,
1895 2078 2059 2154 cujus
2099 2089 2215 2135 tam
2248 2095 2407 2154 egre·

353 2170 506 2248 giam
545 2170 605 2227 in
647 2187 709 2227 se
748 2169 1099 2227 voluntatem
1140 2168 1537 2243 perspexisset.
1620 2166 1688 2224 Id
1735 2168 1946 2227 factum
1990 2168 2235 2246 graviter
2275 2168 2407 2227 tulit

352 2262 801 2333 IndutiomaruS,
829 2279 992 2318 suam
1019 2261 1264 2337 gratiam
1294 2261 1441 2318 inter
1469 2280 1604 2318 suos
1632 2260 1852 2331 minui3
1895 2272 1971 2331 et,
2000 2261 2101 2336 qui
2121 2261 2242 2336 jam
2273 2259 2405 2318 ante

355 2354 594 2411 inimico
621 2354 679 2411 in
709 2372 815 2410 nos
844 2351 1035 2409 animo
1063 2352 1281 2422 fuisset,
1311 2353 1494 2412 multo
1521 2350 1752 2429 gravius
1793 2353 1904 2409 hoc
1944 2352 2139 2409 dolore
2178 2351 2404 2409 exarsit.

433 2445 506 2502 V.
564 2445 675 2502 His
701 2445 876 2501 rebus
903 2443 1248 2515 constitutiS,
1271 2443 1466 2500 Caesar
1491 2443 1561 2500 ad
1583 2454 1810 2519 portum
1838 2442 2010 2500 Itium
2040 2462 2173 2500 cum
2195 2443 2409 2520 legion-

354 2536 485 2594 ibus
510 2535 784 2611 pervenit.
866 2534 958 2592 Ibi
1006 2535 1305 2611 cognoscit
1352 2535 1465 2591 XL
1512 2553 1705 2606 naves,
1734 2554 1860 2610 quae
1903 2535 1962 2592 in
2005 2534 2217 2592 Meldis
2243 2535 2406 2593 factae

353 2638 538 2699 erant,
583 2637 921 2703 tempestate
969 2626 1211 2703 rejectas
1253 2645 1486 2683 cursum
1529 2638 1726 2684 tenere
1766 2646 1881 2684 non
1923 2628 2195 2702 potuisse,
2239 2638 2407 2703 atque

354 2718 582 2791 eodem,
625 2718 781 2776 unde
828 2729 991 2775 erant
1029 2718 1321 2798 profectae,
1378 2720 1713 2777 revertisse:
1773 2719 2019 2794 reliquas
2063 2729 2287 2794 paratas
2314 2719 2407 2777 ad

353 2811 763 2888 navigandum,
795 2821 964 2884 atque
999 2811 1266 2867 omnibus
1307 2811 1479 2868 rebus
1520 2812 1825 2870 instructas
1869 2811 2101 2869 invenit.
2183 2811 2406 2870 Eodem

354 2903 531 2960 totius
556 2902 760 2960 Galliae
788 2903 1076 2975 equitatus
1104 2902 1392 2971 convenit,
1422 2921 1662 2960 numero
1688 2904 1930 2963 millium
1966 2914 2226 2978 quatuor,
2253 2904 2406 2978 prin-

357 2995 627 3070 cipesque
653 2994 923 3051 omnibus
951 3011 1023 3050 ex
1050 2993 1380 3050 civitatibus
1404 3014 1416 3051 ε
1460 3012 1530 3051 ex
1558 2995 1765 3069 quibus
1799 3013 2135 3071 perpaucOS,
2165 3014 2407 3069 quorum

358 3085 417 3143 in
446 3104 508 3142 se
534 3086 704 3143 fidem
739 3095 1124 3161 perspexerat,
1152 3085 1476 3160 relinquere
1518 3086 1577 3143 in
1616 3087 1826 3158 Gallia,
1855 3087 2103 3161 reliquos
2141 3088 2407 3145 obsidum

358 3175 487 3234 loco
511 3196 710 3235 secum
739 3178 951 3234 ducere
978 3177 1335 3249 decreverat3
1380 3176 1554 3253 quod,
1578 3197 1754 3253 quum
1774 3179 1895 3253 ipse
1925 3180 2164 3251 abesset,
2188 3191 2407 3237 motum
2434 3194 2439 3200 '

357 3268 558 3327 Galliae
586 3269 905 3326 verebatur.
929 3267 932 3268 ⁷

434 3360 538 3418 VI.
596 3360 739 3417 Erat
778 3357 897 3417 una
940 3355 1073 3417 cum
1116 3359 1325 3418 ceteris
1371 3361 1693 3418 Dumnorix
1749 3360 1993 3433 AEduuS,
2047 3364 2119 3420 de
2162 3382 2276 3438 quo
2334 3366 2405 3422 ab

359 3451 523 3509 nobis
550 3462 720 3509 antea
759 3451 977 3508 dictum
1017 3462 1119 3525 est.
1205 3452 1384 3509 Hunc
1429 3472 1624 3510 secum
1670 3453 1878 3510 habere
1923 3455 1979 3510 in
2027 3455 2225 3529 primis
2274 3475 2408 3513 con-

358 3542 638 3614 stituerat,
669 3541 825 3617 quod
851 3562 982 3601 eum
1011 3544 1285 3618 cupidum
1313 3562 1504 3601 rerum
1532 3563 1825 3615 novarum,
1855 3546 2124 3621 cupidum
2164 3547 2406 3621 imperii,

359 3634 553 3710 magni
583 3634 781 3705 animi,
811 3653 1032 3711 magnae
1062 3635 1208 3693 inter
1236 3634 1436 3691 Gallos
1467 3636 1819 3693 auctoritatis
1848 3647 2208 3712 cognoverat.
2292 3637 2409 3692 Ac-

361 3725 603 3784 cedebat
630 3725 766 3796 huc,
781 3727 945 3800 ‘quod
969 3727 1086 3802 jam
1113 3728 1176 3783 in
1204 3726 1456 3783 concilio
1491 3727 1812 3790 AEduorum
1842 3727 2162 3783 Dumnorix
2190 3726 2410 3782 dixerat

360 3817 510 3875 ‘sibi
541 3836 576 3875 a
601 3816 832 3874 Caesare
871 3836 1110 3895 regnum
1154 3817 1403 3874 civitatis
1446 3818 1725 3875 deferri:'
1770 3817 1923 3890 quod
1971 3817 2188 3872 dictum
2231 3814 2409 3873 AEdui

361 3908 608 3987 graviter
636 3905 910 3979 serebant,
939 3928 1127 3984 neque
1157 3908 1460 3965 recusandi
1493 3920 1589 3966 aut
1616 3905 1962 3981 deprecandi
1991 3907 2161 3962 causa
2192 3906 2412 3984 legatos

990 4002 1027 4059 7
