2747 4376
312 295 483 347 cn».
526 299 799 363 ez-m
1110 300 1328 352 unna
1371 300 1746 351 snt-rmus.
2349 302 2466 362 ιω

416 440 795 502 LXXXII.
870 443 1034 502 Dum
1090 441 1323 522 longius
1365 443 1438 503 ab
1478 443 1802 503 munitione
1856 443 2095 501 aberant
2121 441 2298 513 Galli,
2325 440 2466 520 plus

321 534 766 594 multitudine
803 537 1047 594 telorum
1087 538 1499 612 proficiebant:
1543 549 1915 613 posteaquam
1957 534 2195 611 propius
2235 554 2466 594 succes-

329 638 630 697 serunt,
652 639 740 685 aut
767 648 826 686 se
855 627 964 704 ipsi
991 629 1240 686 stimulis
1261 629 1627 705 inopinantes
1655 628 1991 699 induebant,
2017 639 2114 686 aut
2143 628 2201 685 in
2229 628 2465 685 scrobes

340 719 627 795 delapsi
667 721 1202 792 transfodiebantur,
1232 734 1330 778 aut
1355 739 1430 778 ex
1458 721 1605 778 vallo
1632 729 1691 778 et
1717 720 1971 777 turribus
2010 720 2301 796 transjecti
2332 721 2464 797 pilis

345 812 718 870 muralibus
781 813 1111 871 interibant.
1195 811 1402 871 Multis
1470 812 1725 888 undique
1790 812 2122 870 vulneribus
2189 813 2462 889 acceptis,

350 904 573 962 nulla
609 905 919 963 munitione
958 905 1252 980 perrupta,
1295 923 1473 980 quum
1526 904 1626 962 lux
1681 915 1992 980 appeteret,
2033 904 2232 976 veriti,
2259 923 2334 963 ne
2390 905 2462 963 ab

353 995 587 1053 latere
615 1008 802 1073 aperto
828 1015 902 1054 ex
927 996 1318 1072 superioribus
1340 996 1545 1054 castris
1565 997 1866 1072 eruptione
1888 995 2461 1070 circumvenirentur,

366 1105 455 1146 se
512 1087 586 1144 ad
625 1107 755 1145 suos
794 1098 1154 1164 receperunt.
1238 1088 1319 1145 At
1360 1088 1681 1160 interiores,
1710 1087 1847 1145 dum
1889 1106 1978 1159 ea,
2008 1107 2134 1163 quae
2164 1107 2198 1145 a
2224 1088 2465 1146 Vercin-

364 1179 661 1258 getorige
689 1180 759 1237 ad
785 1181 1146 1257 eruptionem
1166 1191 1484 1256 praeparata
1505 1190 1688 1252 erant,
1709 1178 2026 1255 proferunt,
2046 1178 2265 1254 priores
2286 1179 2465 1239 fossas
2493 1172 2504 1181 ’

369 1270 665 1347 explent;
706 1272 923 1330 diutius
963 1273 1024 1331 in
1052 1273 1124 1330 iis
1150 1272 1321 1330 rebus
1364 1271 1830 1330 administrandis
1870 1271 2095 1341 morati,
2122 1269 2286 1346 prius
2329 1290 2466 1329 suos

373 1364 732 1422 discessisse
783 1374 1197 1441 cognoverunt,
1248 1362 1423 1440 quam
1477 1363 1895 1422 munitionibus
1931 1361 2463 1438 appropinquarent.

380 1454 516 1526 Ita,
544 1475 608 1513 re
638 1456 884 1528 infecta,·
901 1457 961 1514 in
988 1456 1263 1532 oppidum
1301 1466 1676 1514 reverterunt.

483 1546 831 1605 LXXXIII.
916 1547 1269 1626 Bishmagno
1308 1566 1444 1607 cum
1486 1546 1833 1605 detrimento
1872 1544 2083 1622 repulsi
2120 1544 2296 1618 Galli,
2323 1545 2463 1622 quid

386 1650 596 1716 agant,
625 1639 967 1699 consulunt:
1009 1641 1267 1698 locorum
1296 1640 1513 1716 peritos
1541 1638 1848 1697 adhibent:
1891 1640 1962 1697 ab
1991 1639 2079 1696 his
2105 1639 2465 1714 superiorum

397 1742 721 1790 castrorum
768 1732 914 1790 situs
966 1733 1430 1807 munitionesque
1483 1741 1860 1810 cognoscunt.
1944 1731 2086 1790 Erat
2140 1751 2174 1789 a
2221 1746 2465 1809 septem·

398 1824 686 1882 trionibus
729 1824 914 1896 collis,
955 1843 1125 1900 quem
1180 1835 1410 1900 propter
1464 1823 1920 1901 magnitudinem
1971 1823 2253 1882 circuitus
2290 1843 2463 1901 opere

398 1916 801 1992 circumplecti
840 1935 957 1974 non
996 1927 1302 1992 potuerant
1341 1914 1544 1987 nostri,
1572 1914 2017 1992 necessarioque
2055 1934 2222 1992 poene
2261 1914 2463 1990 iniquo

396 2007 534 2066 loco
585 2019 644 2067 et
694 2008 900 2067 leniter
953 2007 1161 2067 declivi
1217 2018 1407 2065 castra
1460 2008 1733 2067 fecerant.
1843 2006 1992 2066 Haec
2042 2008 2115 2066 C.
2170 2007 2463 2066 Antistius

398 2099 669 2178 Reginus
697 2111 756 2159 et
784 2101 853 2158 C.
883 2099 1168 2158 Caninius
1194 2099 1465 2171 Rebilus,
1493 2099 1689 2177 legati,
1719 2117 1853 2174 cum
1889 2100 2113 2158 duabus
2139 2098 2464 2176 legionibus

397 2193 751 2252 obtinebant.
835 2192 1102 2271 Cognitis
1138 2211 1241 2268 per
1281 2192 1667 2268 exploratores
1708 2192 2065 2270 regionibus,
2108 2191 2290 2249 duces
2335 2191 2465 2250 hos-

399 2285 547 2344 tium
577 2285 688 2343 LX
717 2285 898 2343 millia
923 2303 995 2344 ex
1021 2285 1179 2343 omni
1207 2282 1451 2343 numero
1475 2284 1739 2362 deligunt
1763 2302 1960 2342 earum
1989 2283 2307 2353 civitatum,
2335 2300 2464 2357 quae

402 2377 710 2435 maximam
737 2376 962 2435 virtutis
1002 2376 1331 2453 opinionem
1373 2376 1699 2446 habebant3
1743 2373 1883 2450 quid
1919 2391 2147 2449 quoque
2170 2386 2343 2452 pacto
2370 2370 2465 2450 agi

400 2469 647 2548 placeat,
675 2467 908 2527 occulte
937 2469 1084 2528 inter
1111 2488 1175 2527 se
1201 2468 1589 2539 constituunt3
1636 2466 1886 2525 adeundi
1913 2477 2141 2540 tempus
2162 2464 2464 2537 definiunt,

399 2580 577 2636 quum
618 2562 859 2621 meridie
898 2579 1025 2620 esse
1063 2558 1339 2619 videatur.
1422 2559 1505 2618 Iis
1560 2559 1745 2635 copiis
1798 2556 2302 2634 Vergasillaunum
2356 2555 2468 2614 Ar-

401 2672 661 2724 vernum,
689 2672 867 2711 unum
896 2671 968 2711 ex
994 2664 1237 2729 quatuor
1257 2651 1526 2723 ducibus,
1547 2650 1930 2727 propinquum
1953 2648 2464 2728 Vercingetorigis,

400 2746 739 2823 praeficiunt.
822 2745 929 2803 Ille
969 2763 1040 2803 ex
1081 2744 1283 2803 castris
1322 2744 1509 2820 primii
1549 2743 1747 2820 vigilia
1790 2760 2076 2820 egressus,
2113 2760 2289 2819 prope
2329 2762 2467 2802 con·

406 2838 560 2896 fecto
598 2839 707 2896 sub
746 2837 937 2895 lucem
979 2835 1205 2909 itinere,
1231 2847 1361 2912 post
1402 2847 1653 2894 montem
1687 2849 1754 2894 ‘se
1780 2834 2112 2906 occultavit,
2140 2834 2466 2910 militesque

402 2948 474 2989 ex
499 2940 786 2988 nocturno
824 2929 1020 2988 labore
1059 2946 1186 2986 sese
1234 2927 1471 2986 reficere
1513 2926 1701 3004 jussit.
1781 2925 1990 2989 Quum
2031 2925 2149 3002 jam
2195 2928 2466 2986 meridies

406 3022 858 3099 appropinquare
898 3020 1205 3091 videretur,
1235 3020 1306 3077 ad
1337 3038 1409 3077 ea
1434 3027 1797 3094 castra,·'quae
1837 3017 2015 3094 supra
2054 3017 2467 3077 demonstravi-

402 3132 560 3185 mus,
608 3112 939 3171 contendit:
995 3111 1313 3186 eodemque
1359 3121 1616 3187 tempore
1660 3110 1949 3186 equitatus
1998 3109 2069 3167 ad
2117 3123 2466 3187 campestres

405 3205 754 3266 munitiones
776 3205 1075 3277 accedere,
1098 3216 1156 3264 et
1181 3204 1416 3280 reliquae
1445 3204 1627 3280 copiae
1654 3222 1782 3262 sese
1806 3222 1912 3279 pro
1932 3203 2136 3261 castris
2161 3203 2466 3280 ostendere

404 3308 719 3374 coeperunt.
1889 3373 1893 3377 ι

485 3387 831 3448 LXXXIV.
888 3387 1348 3465 Vercingetorix,
1378 3406 1450 3446 ex
1482 3377 1624 3446 *arce
1664 3385 1879 3445 Alesiae
1907 3406 2043 3445 suos
2073 3386 2464 3464 conspicatus,

404 3498 477 3540 ex
527 3480 741 3557 oppido
791 3480 1119 3557 egreditur3
1191 3498 1225 3537 a
1277 3479 1480 3537 castris
1542 3478 1859 3556 longurioe,
1915 3479 2229 3550 musculos,
2287 3476 2465 3535 falces

408 3572 760 3647 reliquaque,
789 3591 914 3646 quae
955 3572 1274 3647 eruptionis
1300 3572 1475 3629 causa
1502 3580 1819 3647 paraverat,
1845 3571 2077 3646 profert.
2161 3571 2462 3645 Pugnatur

400 3683 527 3721 uno
578 3675 836 3738 tempore
887 3664 1156 3722 omnibus
1207 3663 1353 3722 locis
1410 3663 1636 3734 acriter,
1681 3674 1852 3738 atque
1905 3663 2101 3721 omnia
2152 3669 2462 3719 tentantur.

404 3755 548 3819 Qua
591 3753 829 3813 minime
877 3756 998 3813 visa
1037 3774 1170 3831 pars
1212 3745 1524 3825 firma'est,
1552 3754 1669 3812 huc
1705 3754 2087 3811 concurritur.
2170 3750 2467 3807 Romano-

405 3867 534 3907 rum
577 3865 785 3905 manus
822 3848 996 3906 tantis
1037 3844 1454 3906 munitionibus
1494 3845 1821 3916 distinetur,
1861 3863 1974 3903 nec
2002 3840 2174 3902 facile
2202 3839 2466 3916 pluribus

403 3938 554 4000 locis
581 3938 849 3996 occurrit.
923 3937 1183 4086 ²I3l1ultum
1220 3938 1289 3997 ad
1316 3937 1615 3996 terrendos
1641 3947 1867 3995 nostros
1893 3932 2074 3992 valuit
2099 3931 2337 4005 clamor,
2364 3929 2465 4013 qui

890 4032 915 4086 ι
982 4028 1018 4062 O
