2747 4376
80 2452 108 2470 d*

276 231 282 237 ’
308 256 438 325 qn.
445 227 725 344 37-1921
1061 256 1273 304 mssa
1316 255 1661 314 QUAM-us
2321 257 2402 315 63

284 409 437 456 esse
477 401 796 457 statuebat.
880 398 1108 473 Itaque,
1135 401 1241 456 etsi
1290 418 1518 457 summa
1563 397 1873 457 difficultas
1916 396 2167 456 faciendi
2208 398 2402 474 pontis

308 492 755 566 proponebatur
802 502 1033 567 propter
1084 490 1467 562 latitudinem,
1513 491 1876 566 rapiditatem
1926 490 2402 566 altitudinemque

311 576 600 653 fluminiS,
633 594 830 640 tamen
861 582 919 639 id
961 583 1073 639 sibi
1117 582 1605 653 contendendum,
1636 593 1734 639 aut
1777 582 1939 639 aliter
1980 601 2096 638 non
2139 582 2401 639 transdu-

311 673 575 730 cendum
601 676 926 732 exercitum
948 673 1325 731 existimabat.
1413 673 1729 731 Rationem
1749 673 1941 748 pontis
1960 673 2112 731 hanc
2134 673 2396 731 instituit.

311 763 521 841 Tigna
551 765 698 823 bina
724 765 1164 841 sesquipedalia,
1193 763 1430 841 paulum
1459 765 1530 822 ab
1561 765 1677 822 imo
1701 772 2010 841 praeacuta,
2039 765 2299 822 dimensa
2326 763 2398 822 ad

263 876 278 883 ·
314 856 699 915 altitudinem
727 856 1001 928 fluminis,
1033 856 1330 914 intervallo
1354 856 1570 932 pedum
1611 856 1856 914 duorum
1905 856 2053 914 inter
2092 874 2155 914 se
2196 856 2401 933 junge-

255 977 270 994 ·
304 947 432 1020 Ibat.
526 947 687 1005 Haec
716 966 893 1022 quum
922 947 1451 1005 machinationibus
1478 947 1735 1004 immissa
1763 947 1822 1003 in
1851 946 2064 1004 flumen
2105 947 2397 1018 defixerat,

105 1049 119 1061 '
214 1058 245 1101 ι
264 1026 673 1116 ί’ίὶεῐᾳοὶεᾳυθ
702 1039 808 1095 ade
848 1049 992 1110 erat,
1021 1058 1137 1096 non
1165 1038 1404 1097 sublicae
1432 1038 1604 1095 modo
1640 1037 1873 1130 dfrectss
1915 1038 1986 1094 ad
2024 1038 2401 1114 perpendicu-
2436 1066 2454 1088 ι
2495 1030 2503 1045 ’

229 1122 467 1211 festum,
521 1131 631 1188 sed
673 1149 778 1206 pro
901 1149 971 1186 ac
1020 1121 1302 1237 fastigatf,
1352 1139 1417 1186 ut
1471 1129 1793 1187 secundum
1836 1140 2097 1186 naturam
2146 1128 2400 1186 fluminis
2451 1140 2457 1147 '

317 1223 816 1296 procumberent:
876 1221 948 1278 iis
996 1220 1133 1278 item
1181 1221 1474 1278 contraria
1524 1221 1682 1290 bina,
1741 1220 1812 1276 ad
1865 1220 2114 1278 eundem
2167 1220 2399 1276 modum

316 1311 557 1387 juncta,
590 1313 887 1370 intervallo
911 1312 1125 1387 pedum
1152 1312 1606 1388 quadragenum,
1637 1312 1709 1368 ab
1751 1310 2019 1368 inferiore
2059 1322 2239 1386 parte,
2269 1329 2404 1368 con-

319 1412 416 1460 tra
475 1404 597 1460 vim
654 1416 823 1478 atque
880 1402 1155 1479 impetum
1209 1402 1465 1460 fluminis
1520 1421 1796 1459 conversa
1848 1403 2150 1460 statuebat.
2256 1401 2425 1485 Haecx

322 1504 603 1571 utraque,
634 1495 865 1570 insuper
894 1494 1255 1569 bipedalibus
1282 1494 1541 1551 trabibus
1569 1459 2166 1586 immissisquantum
2202 1511 2400 1550 eorum
2429 1489 2477 1545 N

325 1584 632 1662 tignorum
667 1587 945 1662 junctura
984 1554 1269 1733 distaba?
1284 1586 1434 1642 binis
1477 1585 1746 1659 utrinque
1789 1584 1978 1643 fibulis
2026 1585 2097 1642 ab
2146 1584 2428 1661 extrema,

326 1689 498 1753 parte
526 1677 985 1735 distinebantur:
1030 1677 1207 1752 quibu
1264 1677 1551 1747 disclusis,
1583 1686 1751 1750 atque
1791 1677 1849 1734 in
1890 1677 2234 1735 contrariam
2275 1695 2400 1752 par-

326 1779 454 1826 tem
496 1768 792 1840 revinctis,
822 1779 983 1826 tanta
1021 1778 1143 1826 erat
1178 1767 1367 1843 operis
1411 1767 1717 1839 firmitudo,
1749 1779 1916 1843 atque
1959 1787 2029 1826 ea
2070 1788 2259 1827 rerum
2301 1788 2400 1826 na-

327 1870 487 1932 tura,
517 1872 600 1932 ut,
631 1879 747 1936 quo
774 1860 1069 1936 major-vis
1111 1878 1272 1934 aquae
1306 1877 1369 1916 se
1412 1858 1781 1932 incitavisset,
1810 1860 1921 1918 hoc
1963 1858 2140 1918 artius
2181 1859 2401 1938 illigata

331 1962 690 2010 tenerentur.
778 1951 929 2008 Haec
977 1950 1202 2017 ,directa
1257 1950 1496 2007 materie
1551 1950 1762 2027 injecta
1815 1952 2286 2023 contexebantur,
2341 1962 2400 2011 et

333 2043 621 2120 longuriis
649 2033 1020 2118 cratibusque
1049 2041 1595 2100 consternebantur:
1640 2061 1708 2099 ac
1735 2042 1918 2100 nihilo
1942 2042 2134 2101 secius
2161 2042 2398 2102 sublicas

208 1208 226 1255 J

231 1288 257 1333 l

337 2144 398 2193 et
440 2135 510 2192 ad
556 2132 888 2193 inferiorem
929 2144 1148 2209 partem
1194 2132 1447 2191 fluminis
1488 2131 1720 2208 oblique
1767 2135 2100 2211 agebantur,
2128 2154 2256 2210 quae
2296 2154 2400 2212 pro

193 2208 309 2310 ἴ
382 2227 559 2285 ariete
588 2226 885 2302 subjectae,
916 2236 973 2283 et
1013 2244 1147 2282 cum
1191 2223 1349 2282 omni
1393 2244 1564 2300 opere
1614 2224 1957 2300 conjunctae,
1986 2226 2099 2283 vim
2148 2225 2400 2284 fluminis

377 2318 713 2394 xciperent:
757 2328 816 2375 et
844 2316 968 2374 aliae
1011 2316 1148 2375 item
1190 2335 1372 2392 supra·
1408 2327 1641 2391 pontem
1691 2316 1965 2372 mediocri
2009 2317 2210 2391 spati0,
2241 2327 2322 2388 ut,
2351 2316 2401 2374 si

343 2410 615 2467 arborum
642 2408 837 2466 trunci
877 2408 995 2465 sive
1036 2426 1211 2473 naves
1250 2406 1561 2484 dejiciendi
1609 2406 1798 2481 operis
1839 2417 2029 2464 essent
2072 2426 2106 2464 a
2147 2406 2402 2465 barbaris

338 2501 550 2571 missae,
581 2500 671 2557 his
698 2499 1095 2557 defensoribus
1121 2517 1315 2557 earum
1345 2517 1536 2556 rerum
1566 2498 1650 2555 vis
1686 2498 2058 2570 minueretur,
2088 2516 2202 2556 neu
2240 2499 2400 2575 ponti

338 2602 637 2650 nocerent.

415 2682 652 2741 XVIII.
708 2682 932 2741 Diebus
959 2682 1180 2753 decem,
1211 2680 1420 2757 quibus
1468 2681 1706 2740 materia
1751 2690 1941 2757 coepta
1980 2692 2102 2740 erat
2143 2701 2400 2760 compor-

340 2775 473 2845 tari,
530 2759 687 2832 omni
743 2792 916 2849 opere
970 2774 1195 2844 effectO,
1244 2773 1530 2831 exercitus
1582 2773 1985 2832 transducitur.
2069 2774 2282 2847 Cres-ar,
2327 2776 2398 2833 ad

342 2878 646 2940 utramque
671 2877 890 2940 partem
919 2866 1109 2946 pontis
1136 2865 1299 2921 firmo
1338 2864 1603 2940 praesidio
1643 2865 1864 2937 relicto,
1894 2865 1954 2921 in
1995 2866 2138 2923 fines
2178 2868 2400 2943 Sigam-

341 2959 578 3015 brorum
624 2956 932 3016 contendit.
1021 2956 1259 3013 Interim
1291 2976 1324 3013 a
1351 2956 1741 3031 compluribus
1784 2955 2110 3014 civitatibus
2154 2958 2224 3014 ad
2266 2977 2397 3017 eum

341 3048 517 3125 legati
546 3047 804 3118 veniunt,
834 3048 1041 3122 quibus
1085 3066 1288 3123 pacem
1332 3058 1501 3122 atque
1544 3048 1854 3105 amicitiam
1893 3048 2221 3124 petentibus
2261 3051 2400 3107 libe-

343 3140 537 3194 raliter
568 3138 878 3212 respondit,
910 3140 1246 3210 obsidesque
1282 3138 1348 3192 ad
1378 3157 1439 3195 se
1468 3139 1676 3196 adduci
1712 3138 1892 3214 jubet.
1977 3139 2058 3197 At
2086 3125 2397 3217 SiEgambri,

344 3250 413 3286 ex
443 3250 513 3286 eo
553 3242 827 3304 tempore,
862 3250 974 3302 quo
1014 3250 1154 3302 pons
1198 3230 1415 3287 institui
1464 3240 1686 3306 coeptus
1727 3241 1832 3301 est,
1864 3230 2000 3307 fuga
2050 3233 2398 3307 comparata,

347 3322 703 3398 hortantibus
735 3322 823 3390 iis,
857 3340 996 3394 quos
1026 3340 1094 3376 ex
1132 3321 1732 3397 Tenehtheris·atque
1772 3322 2106 3397 Usipetibus
2149 3326 2296 3400 apud
2338 3344 2400 3381 se

345 3414 651 3482 habebant,
683 3412 894 3468 finibus
922 3414 1036 3468 suis
1066 3400 1690 3488 excesserant,‘suaque
1726 3413 1921 3471 omnia
1947 3425 2398 3491 exportaverant,

343 3524 517 3578 seque
551 3504 607 3558 in
639 3504 1006 3558 solitudinem
1040 3524 1106 3558 ac
1136 3506 1302 3558 silvas
1336 3504 1686 3562 abdiderant.
2299 3560 2302 3563 ,

421 3596 595 3652 XIX.
657 3596 874 3664 Caesar,
904 3614 1116 3668 paucos
1160 3596 1282 3650 dies
1326 3596 1625 3653 ineorum
1668 3596 1886 3655 finibus'
1918 3611 2190 3670 moratuS‚
2220 3595 2400 3655 omni-

345 3688 447 3743 bus
477 3688 621 3743 vicis
653 3686 1022 3760 aedificiisque
1054 3688 1320 3755 incensis,
1354 3688 1765 3763 frumentisque
1792 3689 2054 3761 succisis,
2078 3708 2141 3748 se
2168 3690 2228 3747 in
2257 3688 2399 3756 fines

345 3779 625 3835 Ubiorum
675 3779 924 3853 recepit;
986 3791 1150 3851 atque
1196 3781 1264 3835 iis
1314 3777 1587 3835 auxilium
1641 3799 1809 3837 suum
1859 3780 2168 3854 pollicitus,
2223 3778 2270 3836 si
2329 3777 2399 3835 ab

345 3871 549 3927 Suevis
581 3883 994 3945 premerentur,
1026 3873 1148 3927 haee
1194 3873 1262 3925 ab
1308 3871 1376 3927 iis
1417 3872 1714 3946 cognovit:
1760 3872 1999 3941 Suevos,
2027 3882 2396 3946 posteaquam

1931 4007 2083 4064 Lae,lV‘
2102 4017 2146 4069 '‘v''

1906 4083 1917 4097 t
2101 4089 2108 4097 ι

2202 4126 2288 4185 κώ
2311 4122 2343 4191 [⁵
2400 4159 2405 4168 ·
