2747 4376
1029 751 1101 814 G.
1156 752 1248 814 JU
1251 752 1362 812 LII
1417 753 1796 815 cAEsARls

590 1002 2225 1094 COMMENTARIORUM

920 1269 1043 1324 DE
1099 1269 1420 1325 BELLO
1479 1270 1908 1326 GALLICO

1228 1496 1507 1552 LIBER
1563 1497 1620 1551 1.

467 1723 513 1782 Ι.
568 1724 803 1782 GALuA
831 1732 918 1781 est
957 1721 1145 1780 omnis
1184 1722 1367 1779 divisa
1394 1722 1455 1780 in
1480 1733 1670 1799 partes
1707 1733 1843 1796 tres,
1872 1743 2113 1800 quarum
2152 1744 2329 1784 unam
2356 1726 2439 1794 in·

388 1814 587 1874 colunt
644 1814 855 1893 Belgae,
905 1814 1074 1871 aliam
1129 1813 1432 1888 Aquitani,
1487 1814 1734 1887 tertiam,
1779 1814 1878 1891 qui
1933 1816 2186 1893 ipsorum
2236 1817 2439 1897 lingua

387 1906 589 1980 Celtae,
618 1906 814 1965 nostra
852 1904 1006 1963 Galli
1050 1905 1421 1981 appellantur,
1505 1905 1586 1963 Hi
1629 1925 1830 1965 omnes
1874 1907 2095 1986 lingui,
2142 1907 2437 1983 institutis,

387 1998 611 2076 legibus
638 1998 786 2056 inter
813 2015 876 2055 se
916 1996 1200 2054 differunt.
1284 1997 1483 2054 Gallos
1525 1999 1596 2054 ab
1639 1997 1949 2073 Aquitanis
1992 2000 2290 2058 Garumna
2336 2000 2439 2059 flu-

389 2109 541 2160 men,
584 2109 618 2147 a
657 2089 853 2168 Belgis
897 2087 1166 2146 Matrona
1204 2098 1263 2146 et
1303 2089 1573 2163 Sequana
1610 2089 1828 2149 dividit.
1858 2134 1870 2143 .
1913 2090 2140 2149 Horum
2178 2091 2438 2151 omnium

388 2181 678 2240 fortissimi
705 2193 838 2240 sunt
865 2180 1080 2259 Belgae,
1107 2192 1409 2257 propterea
1450 2163 1606 2257 qu'od
1637 2202 1670 2239 a
1696 2182 1857 2241 cultu
1886 2193 2056 2260 atque
2082 2182 2437 2245 humanitate

385 2274 696 2350 provinciae
742 2270 1076 2351 longissime
1134 2272 1358 2345 absunt,
1406 2267 1761 2348 minimeque
1816 2273 1886 2331 ad
1939 2293 2040 2333 eos
2090 2287 2437 2336 mercatores

385 2385 541 2442 saepe
570 2376 912 2437 commeant,
943 2374 1113 2440 atque
1153 2371 1242 2436 ea,
1271 2384 1399 2440 quae
1443 2364 1513 2422 ad
1554 2364 1968 2424 effeminandos
2008 2366 2230 2424 animos
2267 2368 2439 2443 perti·

384 2470 545 2530 nent,
574 2459 916 2535 important:
957 2458 1315 2534 proximique
1342 2467 1492 2528 sunt,
1503 2457 1827 2530 Germanis,
1849 2458 1949 2534 qui
1975 2468 2133 2517 trans
2159 2458 2436 2519 Rhenum

386 2551 667 2622 incolunt,
696 2550 1039 2625 quibuscum
1068 2548 1430 2606 continenter
1460 2548 1671 2605 bellum
1712 2560 1953 2627 gerunt:
1995 2550 2111 2626 qufi⁴
2151 2551 2223 2609 de
2259 2553 2436 2611 causa

387 2641 638 2699 Helvetii
681 2640 912 2717 quoque
954 2642 1204 2715 reliquos
1251 2640 1450 2697 Gallos
1489 2640 1697 2697 virtute
1735 2641 2087 2717 praecedunt,
2116 2641 2271 2719 quod
2313 2643 2433 2703 fere

385 2733 731 2809 quotidianis
769 2733 986 2809 proeliis
1026 2751 1160 2789 cum
1201 2732 1507 2789 Germanis
1547 2733 1921 2804 contendunt,
1963 2753 2141 2809 quum
2178 2745 2276 2793 aut
2313 2736 2434 2795 suis

383 2826 594 2883 finibus
620 2843 718 2883 eos
743 2824 1068 2900 prohibent,
1100 2833 1197 2880 aut
1240 2823 1346 2899 ipsi
1391 2823 1449 2880 in
1490 2842 1689 2881 eorum
1728 2824 1939 2882 finibus
1965 2826 2180 2884 bellum
2206 2840 2430 2905 gerunt.

384 2917 601 2974 Eorum
649 2936 767 2973 una
807 2934 958 2992 pars,
1008 2931 1179 2990 quam
1222 2914 1421 2972 Gallos
1467 2915 1728 2972 obtinere
1771 2916 1990 2974 dictum
2043 2927 2149 2990 est,
2203 2919 2432 2978 initium

382 3009 536 3083 capit
566 3028 598 3065 a
620 3007 856 3065 flumine
876 3006 1195 3075 Rhodan03
1227 3006 1553 3063 continetur
1574 3006 1871 3065 Garumna
1892 3007 2147 3080 flumine,
2168 3008 2430 3084 Oceano,

380 3101 590 3179 finibus
619 3099 959 3177 Belgarum3
1005 3097 1232 3174 attingit
1272 3097 1446 3154 etiam
1491 3098 1561 3153 ab
1603 3098 1887 3172 Sequanis
1926 3109 1985 3157 et
2022 3099 2303 3159 Helvetiis
2332 3102 2434 3159 flu-

380 3211 514 3249 men
554 3192 869 3261 Rhenum3
913 3189 1099 3266 vergit
1149 3190 1219 3246 ad
1264 3189 1714 3264 septemtriones.
1801 3190 1994 3267 Belgae
2044 3192 2116 3248 ab
2162 3194 2431 3251 extremis

378 3283 582 3341 Galliae
623 3283 835 3341 finibus
873 3282 1170 3350 oriuntur3
1212 3281 1501 3356 pertinent
1531 3281 1600 3338 ad
1630 3281 1959 3339 inferiorem
1997 3293 2218 3358 partem
2248 3284 2433 3343 flumi-

379 3375 470 3432 nis
499 3373 728 3445 Rheni3
770 3383 1031 3449 spectant
1052 3373 1111 3430 in
1129 3372 1564 3449 septemtriones
1591 3384 1648 3431 et
1674 3373 1953 3431 orientem
1973 3375 2167 3433 solem.
2251 3375 2429 3451 Aqui-

378 3467 536 3524 tania
564 3486 596 3523 a
621 3465 917 3524 Garumna
946 3464 1181 3521 flumine
1225 3465 1294 3521 ad
1335 3464 1641 3539 Pyrenaeos
1683 3469 1905 3523 'montes
1946 3476 2003 3524 et
2043 3485 2170 3524 eam
2209 3477 2427 3542 partem

377 3557 624 3628 Oceani,
654 3577 781 3633 quae
809 3567 895 3614 est
925 3556 993 3613 ad
1024 3556 1385 3632 Hispaniam,
1413 3557 1691 3631 pertinet3
1734 3569 1955 3633 spectat
1982 3558 2129 3616 inter
2156 3577 2430 3616 occasum

376 3650 514 3708 solis
541 3660 598 3707 et
623 3648 1073 3725 septemtriones.

456 3742 532 3799 II.
589 3740 760 3817 Apud
792 3739 1086 3797 Helvetios
1126 3736 1298 3816 longe
1329 3737 1718 3795 nobilissimus
1746 3749 1804 3796 et
1831 3738 1906 3796 dii
1924 3739 2144 3797 'ssimus
2173 3740 2280 3800 fuit
2320 3741 2431 3800 Or-

378 3833 614 3912 getorix.
697 3831 776 3903 Is,
819 3830 901 3889 M.
935 3829 1183 3889 Messala
1224 3841 1283 3889 et
1329 3829 1413 3888 M.
1444 3829 1655 3888 Pisone
1697 3830 1883 3900 Coss„
1912 3833 2073 3908 regn-i
2115 3832 2427 3909 cupiditate

776 3925 797 3981 1
827 3923 862 3956 C
