2747 4376
316 292 452 362 cn.
485 316 726 380 so-QJ
1070 315 1286 365 unns
1328 315 1655 366 manus,
2310 319 2391 387 ω

311 457 526 531 paucis
581 457 715 517 ante
761 458 924 515 annis
973 457 1041 516 L.
1099 458 1367 516 Valerius
1409 458 1784 517 Praeconinus
1835 459 2078 537 legatus,
2131 460 2389 519 exercitu

314 548 509 621 pulso,
541 550 879 608 interfectus
919 560 1091 621 esset,
1123 559 1290 624 atque
1331 550 1486 608 unde
1526 551 1593 609 L.
1625 549 1902 609 Manilius
1928 551 2257 627 proconsul,
2286 551 2390 609 im-

313 642 674 716 pedimentis
704 643 945 714 amissiS,
972 643 1339 720 profugisset,
1368 663 1486 702 non
1514 644 1864 702 mediocrem
1891 626 2000 702 sibi
2028 644 2385 753 diligentiam

315 732 718 792 adhibendam
759 735 1135 812 intelligebat.
1216 733 1438 810 Itaque,
1467 754 1530 793 re
1570 735 1941 797 frumentaria
1978 736 2225 839 provisa,
2254 755 2387 795 aux·

315 823 437 881 iliis
495 826 872 901 equitatuque
937 833 1284 901 comparato,
1340 826 1536 884 multis
1599 839 1876 902 praeterea
1941 827 2078 885 viris
2144 828 2386 887 sortibus

313 913 575 988 Tolosa,
603 917 935 975 Carcasone
962 928 1020 975 et
1044 916 1341 988 Narbone,
1372 936 1499 993 quae
1545 928 1680 977 sunt
1720 918 1980 977 civitates
2020 918 2221 1001 Gallim
2258 939 2386 996 pro-

314 1006 558 1080 vinciae,
579 1008 834 1084 finitimae
855 1009 949 1066 his
966 1008 1317 1086 regionibus,
1340 1008 1677 1067 nominatim
1700 1010 1969 1082 evocatis,
1988 1009 2053 1068 in
2077 1010 2383 1071 Sotiatium

316 1097 474 1157 fines
515 1100 829 1158 exercitum
879 1099 1211 1158 introduxit.
1294 1100 1478 1177 Cujus
1533 1101 1777 1159 adventu
1821 1103 2072 1179 cognito,
2113 1103 2381 1175 Sotiates,

317 1188 564 1268 magnis
600 1191 780 1267 copiis
820 1190 1041 1249 coactis
1082 1191 1473 1267 equitatuque,
1492 1200 1618 1267 ‘quo
1655 1193 1965 1269 plurimum
2011 1194 2294 1267 valebant,
2323 1195 2383 1254 in

318 1280 541 1347 itinere
570 1301 772 1359 agmen
808 1294 1067 1340 nostrum
1108 1283 1310 1354 adorti,
1335 1281 1585 1359 primum
1626 1295 1890 1359 equestre
1927 1285 2192 1360 proelium
2232 1304 2386 1344 com-

320 1374 645 1432 miserunt:
688 1375 917 1446 deinde,
944 1374 1201 1450 equitatu
1228 1393 1335 1432 suo
1358 1375 1547 1451 pulso,
1577 1385 1747 1449 atque
1787 1376 2219 1450 insequentibus
2258 1396 2386 1434 nos-

318 1466 455 1537 tris,
485 1465 675 1523 subito
703 1465 995 1541 pedestres
1022 1466 1235 1541 copias,
1265 1485 1407 1541 quas
1435 1465 1495 1523 in
1537 1466 1797 1523 convalle
1837 1484 1906 1524 ex
1950 1466 2174 1525 insidiis
2214 1468 2387 1527 collo-

322 1568 621 1629 caverant,
667 1557 1072 1615 ostenderunt:
1139 1557 1240 1629 Hi,
1288 1569 1514 1615 nostros
1568 1555 1836 1634 disjectos
1881 1558 2083 1631 adorti,
2118 1559 2384 1635 proelium

253 1674 282 1697 ἰ
322 1659 763 1707 renovaverunt.

408 1739 581 1797 XXI.
636 1739 965 1817 Pugnatum
991 1751 1076 1798 est
1103 1741 1203 1799 diu
1234 1750 1403 1816 atque
1452 1742 1676 1812 acriter,
1704 1760 1878 1817 quum
1921 1742 2189 1815 Sotiates,
2217 1762 2383 1821 supe-

325 1831 578 1889 rioribus
605 1830 861 1890 victoriis
889 1832 1038 1903 freti,
1067 1851 1127 1889 in
1163 1832 1267 1889 sua
1307 1833 1516 1891 virtute
1552 1824 1727 1891 totius
1766 1834 2096 1909 Aquitaniae
2139 1835 2378 1894 salutem

324 1908 574 1999 positam
611 1934 917 1999 putarent;
961 1924 1138 1981 nostri
1182 1935 1392 1995 autem,
1423 1923 1560 1999 quid
1607 1925 1732 1983 sine
1774 1925 2114 2001 imperatore
2155 1938 2214 1985 et
2254 1927 2381 1986 sine
2440 1978 2449 1991 .

327 2014 584 2090 reliquis'
612 2015 958 2092 legionibus,
1008 2014 1435 2073 adolescentulo
1481 2016 1648 2088 duce,
1674 2013 1918 2075 'efficere
1963 2029 2215 2094 possent,
2255 2036 2381 2095 per-

330 2105 475 2181 spici
505 2117 783 2183 cuperent
806 2126 820 2163 z
862 2117 1056 2165 tamen
1084 2106 1334 2164 confecti
1364 2108 1692 2165 vulneribus
1730 2108 1922 2166 hostes
1947 2119 2112 2187 terga
2137 2109 2376 2168 vertere.

328 2199 602 2260 Quorum
628 2218 840 2277 magno
866 2217 1107 2256 numero
1133 2199 1454 2270 interfectO,
1484 2199 1727 2257 Crassus
1753 2218 1822 2258 ex
1862 2201 2068 2259 itinere
2106 2201 2379 2277 oppidum

332 2291 641 2349 Sotiatium
680 2308 1013 2372 oppugnare
1040 2291 1229 2366 coepit.
1308 2289 1547 2353 Quibus
1574 2290 1792 2349 fortiter
1819 2292 2233 2362 resistentibus,
2262 2292 2381 2349 vin·

331 2401 431 2440 eas
475 2394 784 2457 turresque,
816 2382 950 2459 egit.
1031 2380 1145 2453 Illi,
1195 2379 1336 2440 alias
1376 2383 1677 2458 eruptione
1716 2382 1952 2452 tentate,
2003 2375 2144 2439 alids
2183 2382 2384 2440 cunio,-

277 2476 286 2483 ’
330 2474 445 2532 ulis
487 2474 557 2531 ad
599 2493 868 2551 aggerem
905 2473 1213 2549 vineasque
1241 2474 1403 2546 actis,
1435 2472 1629 2551 (cujus
1656 2473 1736 2530 rei
1780 2482 1912 2530 sunt
1951 2470 2124 2549 longe
2163 2473 2387 2548 peritis·

329 2566 465 2624 simi
518 2565 820 2641 Aquitani,
869 2576 1167 2641 propterea
1213 2564 1367 2640 quod
1415 2564 1610 2623 multis
1650 2563 1796 2622 locis
1836 2563 1993 2638 apud
2031 2582 2130 2621 eos
2169 2565 2381 2624 aerariae

328 2668 575 2715 secturae
604 2658 788 2736 sunt),
818 2656 917 2714 ubi
943 2656 1244 2734 diligentia
1285 2667 1606 2714 nostrorum
1648 2649 1794 2713 nihil
1842 2656 1930 2713 his
1972 2656 2143 2714 rebus
2179 2657 2381 2760 profici

329 2767 501 2824 posse
542 2748 962 2820 intellexerunt,
990 2748 1209 2825 legatos
1257 2747 1328 2804 ad
1368 2748 1643 2805 Crassum
1683 2735 1934 2819 mittunt,
1963 2767 2139 2824 seque
2185 2748 2245 2807 in
2287 2749 2383 2807 de-

330 2841 629 2900 ditionem
639 2851 702 2897 ut
742 2839 1001 2915 recipiat,
1027 2849 1245 2915 petunt.
1325 2838 1469 2902 Qua
1509 2858 1571 2898 re
1612 2840 1929 2916 impetrata,
1962 2860 2118 2898 arma
2156 2841 2381 2899 tradere

186 2905 228 2938 ²
330 2932 492 3009 jussi,
522 2931 758 2989 faciunt.

413 3023 614 3081 XXII.
669 3023 906 3098 Atque
892 3042 953 3081 m
993 3042 1064 3082 ea
1103 3040 1167 3080 te
1206 3022 1465 3080 omnium
1508 3032 1832 3080 nostrorum
1879 3023 2113 3080 intentis
2156 3023 2380 3096 animis,

335 3115 448 3173 alia
475 3134 546 3173 ex
572 3125 735 3192 parte
762 3114 955 3190 oppidi
993 3113 1473 3185 AdcantuannuS,
1503 3115 1601 3189 qui
1642 3133 1922 3171 summam
1965 3114 2188 3189 imperii
2229 3126 2385 3173 tene-

334 3208 450 3278 bat,
479 3225 613 3264 cum
640 3205 929 3264 sexcentis
968 3205 1205 3276 devotiS,
1235 3224 1380 3280 quos
1421 3205 1503 3263 illi
1546 3206 1844 3263 Soldurios
1886 3205 2187 3280 appellant,
2219 3203 2385 3282 (quo-

333 3318 460 3357 rum
486 3298 613 3357 haec
640 3308 729 3355 est
755 3295 1028 3368 conditio,
1056 3296 1141 3372 uti
1170 3297 1438 3354 omnibus
1474 3296 1534 3354 in
1574 3296 1691 3354 vita
1731 3295 2050 3353 commodis
2089 3294 2207 3353 una
2249 3315 2384 3354 cum

331 3390 422 3448 his
465 3390 749 3460 fruamur,
794 3407 1035 3464 quorum
1078 3407 1140 3446 se
1166 3388 1456 3446 'amicitiae
1502 3387 1851 3457 dediderint3
1894 3387 1943 3446 si
1986 3387 2122 3462 quid
2171 3387 2243 3444 iis
2282 3406 2385 3463 per

330 3482 454 3539 vim·
495 3480 744 3551 accidat,
775 3490 873 3537 aut
919 3480 1165 3538 eundem
1212 3498 1410 3537 casum
1454 3478 1570 3536 uns
1614 3478 1818 3549 ferant,
1849 3487 1947 3536 aut
1988 3478 2097 3536 sibi
2143 3488 2384 3535 mortem

330 3573 742 3631 consciscant:
803 3590 991 3647 neque
1060 3571 1249 3628 adhuc
1309 3570 1607 3628 hominum
1660 3570 1936 3627 memoria
1990 3579 2261 3643 repertus·
2300 3578 2386 3624 est

329 3665 658 3741 quisquam,
689 3662 806 3735 qui,
830 3680 900 3719 eo
927 3662 1249 3732 interfect0,
1280 3661 1447 3736 cujus
1472 3680 1533 3718 se
1567 3660 1835 3718 amicitiae
1877 3660 2212 3732 devovisset,
2241 3658 2386 3739 mori

330 3755 683 3840 recusaret),
716 3769 846 3810 cum
874 3754 945 3811 iis
985 3754 1465 3823 Adoantuannus,
1496 3752 1853 3827 eruptionem
1896 3750 2085 3806 facere
2126 3756 2384 3818 conatuS,

331 3848 590 3906 clamore
620 3844 693 3901 ab
719 3844 785 3901 efi
823 3855 984 3920 parte
1024 3843 1361 3902 munitionis
1405 3843 1649 3913 sublat0,
1677 3859 1853 3916 quum
1897 3839 1968 3896 ad
1998 3855 2153 3894 arma
2179 3835 2387 3894 milites

332 3935 788 4031 concurrissent,
828 3937 1305 4009 vehementerque
1343 3933 1429 3991 ibi
1467 3942 1785 4009 pugnatum
1832 3938 1999 4000 esset,
2029 3926 2288 4022 repulsus
2329 3927 2382 3986 in

886 4030 925 4084 5
947 4028 979 4061 0
