2747 4376
346 296 486 345 cn.
518 264 744 359 51-344
1075 298 1287 348 Lmen
1329 278 1693 359 QuAnws.
2328 302 2409 362 ω

348 450 411 497 et
439 458 566 515 quae
596 441 667 497 ad
694 459 793 498 eas
819 459 912 498 res
939 452 1101 513 erant
1127 442 1280 514 usui,
1309 460 1382 501 ex
1409 441 1729 500 continenti
1772 441 2116 517 comportari
2149 440 2407 519 jubebat.

351 530 576 607 Itaque,
596 552 770 608 quum
789 533 848 590 id
869 552 1092 591 summo
1112 534 1304 592 studio
1331 554 1365 591 a
1385 535 1664 592 militibus
1694 533 2204 606 administraretur,
2227 533 2409 592 duod·

348 625 507 682 ecim
559 625 799 682 navibus
854 626 1094 697 amissis,
1137 626 1375 702 reliquis
1432 636 1494 683 ut
1545 626 1805 703 navigari
1850 624 2152 683 commode
2192 637 2405 703 posset,

354 717 563 775 effecit.

431 808 699 889 XXXII,
755 808 911 866 Dum
965 827 1036 866 ea
1080 819 1378 886 geruntur,
1427 809 1656 886 legione
1702 828 1774 868 ex
1816 810 2235 868 consuetudine
2287 810 2407 869 uni

350 902 762 958 frumentatum
790 900 982 972 missa,
1012 919 1138 976 quae
1168 898 1554 975 appellabatur
1581 902 1842 977 septima,
1870 920 2060 977 neque
2086 901 2205 959 ulla
2247 902 2318 960 ad
2346 902 2406 960 id

349 1003 580 1068 tempus
632 991 767 1050 belli
820 992 1149 1067 suspicione
1201 991 1559 1068 interposita,
1601 1011 1776 1068 quum
1817 1012 1949 1069 pars
2003 993 2299 1051 hominum
2344 994 2404 1051 in

353 1085 508 1162 agris
561 1093 899 1156 remaneret,
942 1102 1074 1159 pars
1113 1084 1287 1141 etiam
1341 1085 1402 1141 in
1457 1094 1646 1142 castra
1696 1085 2018 1157 ventitaret,
2061 1085 2123 1157 ii,
2164 1086 2262 1161 qui
2299 1104 2406 1162 pro

348 1176 533 1252 portis
580 1186 895 1234 castrorum
941 1176 1003 1233 in
1051 1176 1296 1234 statione
1337 1186 1521 1248 erant,
1564 1177 1780 1234 Caesari
1823 1177 2239 1235 renunciarunt
2283 1178 2406 1253 pul-

348 1287 546 1329 verem
594 1268 886 1344 majorem,
930 1266 1103 1343 quem
1147 1267 1508 1326 consuetudo
1554 1268 1745 1339 ferret,
1793 1269 1854 1326 in
1894 1269 1964 1325 ea
2001 1279 2164 1344 parte
2203 1268 2405 1341 videri,

350 1379 527 1435 quam
555 1360 615 1417 in
641 1371 860 1447 partem
900 1360 1053 1436 legio
1093 1360 1200 1417 iter
1242 1359 1490 1417 fecisset,
1574 1360 1789 1431 Caesar,
1819 1360 1878 1417 id
1923 1360 2075 1434 quod
2117 1370 2258 1432 erat,
2287 1380 2408 1418 sus-

347 1452 579 1527 picatus
608 1451 819 1526 aliquid
846 1451 979 1508 novi
1009 1470 1043 1522 a
1069 1450 1325 1508 barbaris
1355 1450 1562 1508 initum
1600 1451 1847 1523 consilii,
1876 1451 2160 1523 cohorteS,
2190 1470 2317 1526 quae
2344 1450 2424 1510 in?

322 1543 696 1601 stationibus
747 1552 928 1621 erant,
970 1538 1168 1600 secum
1224 1543 1284 1599 in
1338 1562 1466 1601 eam
1520 1553 1741 1618 partem
1792 1542 2103 1619 proficisci,
2146 1542 2290 1600 duas
2335 1561 2412 1602 ex

348 1635 589 1711 reliquis
630 1634 691 1692 in
739 1634 1041 1692 stationem
1082 1635 1418 1706 succedere,
1446 1635 1696 1723 reliquas
1740 1635 1946 1692 armari
1992 1646 2051 1693 et
2098 1635 2403 1693 confestim

347 1746 479 1786 sese
506 1726 778 1802 subsequi
812 1726 997 1803 jussit.
1077 1726 1285 1788 Quum
1310 1726 1485 1803 paulo
1514 1725 1744 1804 longius
1785 1746 1819 1784 a
1857 1728 2060 1785 castris
2098 1726 2407 1803 processis·

347 1829 459 1891 set,
488 1839 623 1877 suos
670 1820 742 1875 ab
789 1818 1048 1875 hostibus
1089 1818 1272 1894 premi
1319 1829 1488 1893 atque
1536 1837 1686 1895 aegre
1725 1820 2006 1878 sustinere
2045 1829 2104 1877 et
2143 1819 2403 1887 conferta

344 1912 580 1989 legione
631 1929 703 1969 ex
754 1910 1022 1967 omnibus
1072 1910 1330 1986 partibus
1383 1910 1499 1968 tela
1552 1910 1764 1988 conjici
1821 1912 2074 1969 animum
2143 1912 2399 1970 advertit.

345 2003 506 2062 Nam
549 2002 722 2078 quod,
759 2001 917 2060 omni
959 2020 1030 2060 ex
1069 2002 1304 2078 reliquis
1337 2002 1595 2078 partibus
1635 2002 1895 2061 demesso
1937 2003 2242 2076 frumentO,
2270 2024 2403 2080 pars

345 2115 468 2154 una
515 2106 639 2154 erat
683 2095 922 2169 reliqua,
954 2093 1229 2169 suspicati
1275 2093 1469 2151 hostes
1515 2094 1654 2151 huc·
1677 2106 1901 2153 nostros
1948 2114 2074 2154 esse
2113 2107 2402 2169 venturos,

270 2193 283 2208 '
346 2199 527 2247 noctu
570 2187 631 2245 in
671 2186 828 2245 silvis
868 2185 1252 2244 delituerant:
1293 2197 1417 2243 tum
1458 2186 1763 2262 dispersos,
1806 2187 2079 2263 depositis
2120 2188 2310 2261 armis,
2340 2188 2402 2247 in

346 2280 621 2339 metendo
662 2289 977 2355 occupatos
1016 2276 1208 2335 subito
1255 2278 1458 2350 adorti,
1505 2279 1709 2355 paucis
1762 2278 2096 2351 interfectis,
2152 2280 2404 2355 reliquos

348 2372 586 2431 incertis
612 2371 909 2429 ordinibus
934 2371 1437 2447 perturbaverant:
1479 2370 1649 2428 simul
1691 2370 1949 2446 equitatu
1988 2381 2158 2446 atque
2184 2372 2402 2430 essedis

349 2464 865 2522 circumdederant.
1076 2463 1093 2478 ²
1650 2456 1653 2459 ⁴

425 2556 723 2614 XXXIII.
779 2556 980 2613 Genus
1007 2554 1119 2611 hoc
1146 2564 1232 2612 est
1260 2572 1332 2612 ex
1358 2553 1575 2612 essedis
1594 2571 1832 2630 pugnae:
1873 2551 2059 2629 primo
2080 2571 2181 2628 per
2202 2571 2403 2613 omnes

345 2659 539 2725 partes
565 2647 943 2724 perequitant,
971 2658 1030 2705 et
1077 2647 1194 2704 tela
1240 2646 1578 2722 conjiciunt,
1610 2657 1780 2721 atque
1827 2644 1951 2721 ipso
1989 2654 2204 2703 terrore
2232 2664 2404 2721 equo-

347 2759 478 2798 rum
505 2751 563 2798 et
590 2739 829 2815 strepitu
856 2749 1109 2796 rotarum
1136 2738 1366 2795 ordines
1386 2736 1724 2813 plerumque
1743 2738 2108 2817 perturbant3
2138 2749 2196 2796 et
2224 2757 2401 2813 quum

348 2851 412 2890 se
440 2832 588 2889 inter
627 2831 883 2906 equitum
924 2840 1141 2888 turmas
1184 2829 1618 2900 insinuaverint,
1649 2848 1721 2887 ex
1766 2830 1981 2888 essedis
2023 2830 2314 2902 desiliunt,
2343 2841 2403 2890 et

348 2923 601 3001 pedibus
616 2922 964 2999 proeliantur.
1050 2921 1286 2998 Aurigae
1316 2922 1545 2979 interim
1571 2921 1845 2997 paulatim
1886 2940 1957 2979 ex
1994 2923 2199 2998 proelio
2238 2942 2403 2982 exce-

348 3016 513 3087 dunt,
544 3026 711 3090 atque
758 3014 840 3072 ita
881 3033 1085 3071 currus
1133 3014 1439 3084 collocant,
1471 3024 1552 3084 ut,
1582 3013 1630 3070 si
1679 3013 1761 3070 illi
1808 3033 1841 3070 a
1882 3014 2248 3072 multitudine
2275 3015 2403 3074 he&

347 3108 494 3165 tium
539 3119 890 3182 premantur,
940 3105 1270 3181 expeditum
1319 3105 1391 3161 ad
1436 3124 1570 3161 suos
1623 3116 1918 3180 receptum
1966 3105 2229 3164 habeant.
2311 3107 2404 3167 Ita

348 3198 724 3256 mobilitatem
751 3197 1031 3277 equitum,
1061 3197 1429 3254 stabilitatem
1455 3197 1714 3272 peditum
1755 3196 1816 3254 in
1855 3197 2071 3272 proeliis
2109 3209 2401 3273 praestant,

350 3309 421 3347 ac
472 3298 695 3347 tantum
748 3307 857 3345 usu
912 3288 1246 3363 quotidiano
1299 3298 1358 3346 et
1410 3286 1820 3345 exercitatione
1873 3289 2152 3361 efficiunt,
2201 3287 2284 3346 uti
2340 3290 2402 3348 in

347 3381 555 3439 declivi
612 3400 683 3438 ac
735 3380 1014 3456 praecipiti
1069 3380 1202 3438 loco
1253 3378 1524 3437 incitatos
1577 3397 1754 3454 equos
1807 3380 2087 3438 sustinere
2139 3390 2197 3439 et
2242 3380 2400 3440 brevi

346 3472 631 3531 moderari
681 3492 750 3530 ac
789 3472 1040 3544 flectere,
1088 3483 1148 3530 et
1191 3490 1294 3547 per
1347 3480 1635 3529 temonem
1681 3490 2018 3547 percurrere
2060 3483 2118 3529 et
2164 3472 2225 3529 in
2260 3472 2403 3551 jugo

348 3565 611 3623 insistere
639 3574 696 3622 et
723 3564 859 3622 inde
885 3582 948 3621 se
975 3563 1035 3621 in
1065 3582 1267 3621 currus
1295 3561 1574 3621 citissime
1604 3564 1861 3639 recipere
1889 3563 2241 3622 consuerint.

426 3656 718 3715 XXXIV.
771 3655 1010 3744 Quibus
1036 3655 1601 3730 rebus‚·perturbatis
1629 3657 1838 3714 nostris
1876 3656 2128 3713 novitate
2168 3674 2398 3731 pugnoe,

344 3757 602 3825 tempore
649 3747 1132 3824 opportunissimo
1177 3747 1373 3804 Caesar
1425 3747 1699 3804 auxilium
1752 3748 1916 3804 tulit:
1978 3764 2225 3820 namque
2278 3746 2401 3822 ejus

349 3842 595 3901 adventu
643 3841 835 3899 hostes
879 3840 1279 3910 constiterunt,
1326 3839 1507 3896 nostri
1554 3857 1618 3897 se
1659 3857 1731 3896 ex
1783 3838 1989 3895 timore
2041 3847 2399 3913 receperunt.

343 3934 490 3997 Quo
542 3933 714 4004 facto,
772 3931 843 3989 ad
894 3932 1294 3992 lacessendum
1349 3940 1407 3988 et
1469 3930 1539 3988 ad
1595 3928 2069 3987 committendum
2137 3929 2402 4004 proelium
