2747 4376
308 303 440 351 Car.
480 305 704 366 10—12]
1049 303 1262 351 LIBER
1308 303 1705 352 SECUNDUS.
2294 308 2369 363 35

305 464 508 504 eorum
565 465 867 504 numerum
923 447 1279 505 occiderunt.
1394 446 1502 504 Per
1557 465 1755 504 eorum
1812 465 2054 522 corpora
2121 447 2370 523 reliquos

307 537 693 596 audacissime
723 539 965 596 transire
995 553 1271 597 conantes
1308 539 1675 597 multitudiue
1715 539 1956 597 telorum
2000 539 2366 614 repulerunt:

304 631 544 705 primoS,
601 630 698 705 qui
747 631 1107 702 transierant,
1164 632 1421 706 equitatu
1470 632 1892 688 circumventos
1939 631 2364 689 interfecerunt.

306 720 546 793 Hostes,
577 723 675 779 ubi
705 733 761 780 et
789 722 860 779 de
890 723 1273 799 expugnando
1299 723 1512 798 oppido
1539 734 1598 781 et
1629 723 1701 780 de
1742 723 1979 780 flumine
2018 724 2369 781 transeundo

304 832 470 888 spem
499 832 561 871 se
592 814 857 871 fefellisse
885 814 1305 886 intellexerunt,
1335 833 1524 889 neque
1551 826 1775 873 nostros
1803 815 1860 871 in
1889 816 2081 872 locum
2126 815 2369 890 iniquio-

303 922 428 961 rem
455 905 725 981 progredi
752 905 1048 982 pugnandi
1078 924 1255 962 causa
1283 906 1567 977 viderunt,
1599 917 1767 981 atque
1797 907 1949 982 ipsos
1989 926 2079 964 res
2120 907 2367 964 frumen-

303 996 453 1054 taria
481 997 728 1054 deficere
757 998 950 1097 coepit,
981 997 1233 1055 concilio
1260 1011 1598 1070 convocatO,
1628 1000 2046 1056 constituerunt
2087 1000 2363 1075 optimum

303 1107 433 1146 esse
461 1089 698 1146 domum
726 1108 885 1146 suam
916 1108 1201 1164 quemque
1229 1089 1470 1160 reverti3
1501 1100 1578 1162 et,
1602 1110 1843 1165 quorum
1866 1091 1925 1147 in
1953 1091 2096 1148 fines
2115 1090 2362 1166 primum

304 1179 575 1237 Romani
594 1182 908 1239 exercitum
940 1181 1408 1253 introduxissent,
1439 1182 1511 1238 ad
1538 1200 1638 1239 eos
1679 1182 2070 1240 defendendos
2112 1182 2365 1256 undique

305 1273 714 1342 convenirent3
759 1284 822 1330 ut
848 1272 1040 1348 potius
1069 1273 1126 1330 in
1156 1273 1275 1330 suis
1303 1272 1476 1347 quam
1520 1273 1580 1331 in
1621 1274 1822 1332 alienis
1863 1274 2070 1332 finibus
2112 1275 2364 1332 decerta-

304 1379 455 1438 rent,
485 1377 543 1424 et
571 1367 902 1425 domesticis
930 1368 1113 1443 copiis
1154 1367 1237 1425 rei
1280 1367 1664 1425 frumentariae
1706 1380 2016 1426 uterentur.
2101 1369 2194 1425 Ad
2238 1388 2363 1426 eam

304 1459 650 1516 sententiam
679 1478 814 1516 cum
841 1459 1077 1534 reliquis
1105 1459 1295 1517 causis
1339 1459 1464 1516 haec
1507 1459 1738 1535 quoque
1782 1462 1928 1518 ratio
1970 1480 2069 1519 eos
2109 1460 2362 1533 deduxit,

304 1551 463 1626 quod
492 1551 845 1608 Divitiacum
876 1562 1045 1626 atque
1071 1551 1297 1608 AEduos
1337 1551 1550 1608 finibus
1592 1552 2025 1610 Bellovacorum
2068 1554 2363 1629 appropin-

303 1661 484 1717 quare
537 1653 939 1720 cognoverant.
1025 1641 1136 1700 His
1191 1643 1541 1727 persgaderi‚
1598 1655 1660 1701 ut
1716 1644 1933 1701 diutius
1985 1656 2360 1718 morarentur,

301 1753 494 1809 neque
522 1735 641 1792 suis
670 1735 943 1792 auxilium
973 1735 1206 1806 ferrent,
1235 1754 1351 1792 non
1380 1746 1615 1811 poterat.

383 1826 493 1885 XI.
551 1827 639 1884 Ea
668 1846 730 1884 re
759 1828 1092 1898 constituta,
1123 1827 1380 1884 secunda
1409 1827 1603 1904 vigilia
1630 1847 1836 1905 magno
1864 1847 1995 1884 cum
2025 1827 2262 1904 strepitu
2294 1847 2361 1887 ac

302 1919 554 1976 tumultu
584 1919 785 1976 castris
814 1919 1028 1996 egressi
1056 1919 1216 1976 nullo
1243 1930 1405 1976 certo
1431 1919 1631 1977 ordine
1666 1938 1854 1995 neque
1896 1920 2154 1995 imperi0,
2185 1939 2358 1995 quum

302 2011 415 2068 sibi
445 2011 686 2086 quisque
713 2011 961 2086 primum
990 2010 1211 2068 itineris
1237 2011 1430 2068 locum
1459 2022 1695 2087 peteret,
1720 2023 1777 2069 et
1804 2012 2038 2085 domum
2065 2014 2361 2088 pervenire

300 2114 654 2178 properaret,
706 2103 986 2174 fecerunt,
1042 2113 1106 2160 ut
1152 2104 1469 2161 consimilis
1524 2103 1670 2184 fugae
1722 2104 2004 2179 profectio
2057 2104 2357 2163 videretur.

304 2194 440 2252 Hac
468 2215 531 2253 re
559 2196 748 2253 statim
779 2195 975 2253 Caesar
1002 2214 1103 2270 per
1137 2197 1526 2272 speculatores
1566 2197 1819 2273 cognita,
1852 2196 2088 2254 insidias
2129 2198 2359 2268 verituS,

302 2286 480 2362 quod,
511 2288 625 2362 qua
666 2287 736 2345 de
786 2287 963 2344 causa
1008 2287 1390 2358 discederent,
1434 2288 1687 2345 nondum
1736 2287 2117 2364 perspexerat,
2147 2291 2361 2346 exerci-

303 2391 425 2437 tum
457 2380 886 2454 equitatumque
915 2380 1117 2436 castris
1145 2379 1446 2437 continuit.
1531 2379 1726 2435 Prima
1754 2380 1906 2451 luce,
1935 2380 2271 2437 confirmata
2301 2400 2361 2438 re

216 2480 225 2487 ’
306 2472 379 2529 ab
426 2471 895 2547 exploratoribuS‚
940 2489 1166 2527 omnem
1217 2471 1555 2545 equitatum,
1586 2470 1684 2546 qui
1732 2471 2106 2527 novissimum
2156 2490 2382 2547 agmen·

306 2551 642 2634 moraretur,
688 2561 978 2638 praemisit.
1078 2561 1190 2619 His
1241 2562 1322 2624 Q.
1376 2563 1618 2620 Pedium
1675 2574 1732 2620 et
1776 2562 1839 2620 L.
1900 2562 2360 2620 Aurunculeium

305 2655 536 2712 Cottam
574 2654 791 2731 legatos
830 2654 1103 2730 praefecit.
1186 2653 1261 2711 Τ.
1294 2654 1614 2712 Labienum
1656 2654 1906 2731 legatum
1950 2673 2083 2711 cum
2125 2654 2362 2732 legioni-

306 2748 412 2804 bus
459 2747 644 2804 tribus
692 2746 961 2824 subsequi
999 2746 1183 2821 jussit.
1270 2746 1371 2818 Hi,
1423 2746 1760 2803 novissimos
1816 2746 2017 2817 adorti,
2071 2757 2129 2804 et
2182 2747 2361 2806 multa

301 2838 487 2896 millia
509 2857 781 2913 passuum
808 2837 1117 2913 prosecuti,
1148 2858 1413 2915 magnam
1435 2838 1867 2896 multitudinem
1898 2858 2093 2897 eorum
2139 2839 2361 2916 fugien-

302 2930 448 2987 tium
491 2929 889 3001 conciderunt,
920 2948 1097 3004 quum
1138 2930 1212 2987 ab
1252 2940 1508 2988 extremo
1550 2930 1796 3008 agmine,
1830 2931 1899 2987 ad
1943 2950 2085 3005 quos
2127 2935 2358 2989 ventum

302 3025 443 3092 erat,
476 3022 873 3093 consisterent,
904 3021 1237 3096 fortiterque
1266 3023 1538 3097 impetum
1585 3034 1907 3081 nostrorum
1956 3023 2198 3080 militum
2241 3042 2361 3081 sus-

301 3115 580 3183 tinerent3
628 3114 847 3189 priores
875 3111 1029 3188 quod
1062 3114 1259 3171 abesse
1290 3134 1323 3170 a
1347 3115 1608 3189 periculo
1636 3115 1982 3185 viderentur,
2012 3134 2201 3189 neque
2244 3116 2359 3172 ulla

226 3269 237 3290 ι
263 3225 279 3246 ·
301 3206 645 3264 necessitate
671 3224 859 3279 neque
886 3206 1128 3281 imperio
1156 3206 1608 3276 continerentur,
1640 3207 1909 3264 exaudito
1938 3207 2207 3277 clamore,
2236 3226 2361 3282 per-

288 3285 544 3384 turbatis
573 3298 889 3368 ordinibus,
919 3317 1120 3354 omnes
1149 3298 1207 3355 in
1239 3298 1372 3374 fuga
1397 3298 1506 3355 sibi
1535 3299 1861 3374 praesidium
1892 3311 2186 3374 ponerent.
2272 3298 2361 3356 Ita

301 3390 573 3446 sine=ullo
599 3390 859 3465 periculo
888 3400 1103 3446 tantam
1132 3409 1330 3447 eorum
1375 3389 1797 3448 multitudinem
1841 3391 2018 3447 nostri
2063 3390 2362 3447 interfece-

301 3493 454 3551 runt,
486 3493 759 3555 quantum
791 3481 898 3538 fuit
926 3481 1040 3538 diei
1069 3482 1347 3556 spatium;
1394 3483 1500 3539 sub
1528 3501 1914 3556 occasumque
1956 3483 2092 3539 solis
2132 3467 2362 3539 destite-

302 3585 455 3642 runt,
486 3592 660 3647 seque
689 3573 749 3628 in
780 3583 985 3642 castra,
1016 3584 1077 3629 ut
1106 3573 1616 3649 eratimperatum,
1647 3587 2000 3649 receperunt.

382 3665 520 3722 XII.
579 3664 864 3721 Postridie
911 3664 1033 3740 ejus
1082 3664 1197 3721 diei
1247 3665 1463 3736 Caesar,
1513 3664 1672 3741 prius
1718 3665 1887 3740 quam
1945 3685 2006 3723 se
2055 3666 2248 3721 hostes
2292 3682 2361 3720 ex

305 3776 510 3824 pavore
560 3776 628 3813 ac
675 3756 810 3833 fuga
860 3755 1201 3831 reciperent,
1249 3756 1308 3813 in
1351 3758 1495 3829 fines
1543 3759 1941 3827 Suessionum,
1973 3757 2068 3830 qui
2117 3754 2360 3830 proximi

206 3912 221 3922 ,
305 3848 510 3906 Remis
553 3859 735 3918 erant,
764 3847 1079 3904 exercitum
1126 3847 1317 3930 duxit,
1350 3859 1426 3919 et,
1472 3869 1681 3925 magno
1729 3849 1930 3905 itinere
1975 3848 2259 3913 confect0‚
2293 3844 2363 3900 ad

305 3939 576 4015 oppidum
633 3935 1046 4030 Nogiodunum
1103 3940 1417 3997 contendit.
1521 3940 1591 3995 Id
1646 3960 1714 3996 ex
1773 3940 1976 3995 itinere
2031 3952 2355 4013 oppugnare

320 4105 372 4136 Ὦ
