<?xml version="1.0" encoding="UTF-8"?>
<!DOCTYPE html PUBLIC "-//W3C//DTD XHTML 1.0 Transitional//EN"
    "http://www.w3.org/TR/xhtml1/DTD/xhtml1-transitional.dtd">
<html xmlns="http://www.w3.org/1999/xhtml" xml:lang="en" lang="en">
 <head>
  <title>
</title>
<meta http-equiv="Content-Type" content="text/html;charset=utf-8" />
  <meta name='ocr-system' content='tesseract 3.04.00' />
  <meta name='ocr-capabilities' content='ocr_page ocr_carea ocr_par ocr_line ocrx_word'/>
</head>
<body>
  <div class='ocr_page' id='page_1' title='image "./andrewscaesar00andrgoog_0097.png"; bbox 0 0 2747 4376; ppageno 0'>
   <div class='ocr_carea' id='block_1_1' title="bbox 309 310 2384 373">
    <p class='ocr_par' dir='ltr' id='par_1_1' title="bbox 309 310 2384 373">
     <span class='ocr_line' id='line_1_1' title="bbox 309 310 2384 373; baseline -0 -14"><span class='ocrx_word' id='word_1_1' title='bbox 309 311 441 359; x_wconf 74' lang='lat' dir='ltr'><strong>en».</strong></span> <span class='ocrx_word' id='word_1_2' title='bbox 474 311 708 373; x_wconf 74' lang='lat'>28-30.]</span> <span class='ocrx_word' id='word_1_3' title='bbox 1039 310 1254 358; x_wconf 78' lang='lat' dir='ltr'>LIBER</span> <span class='ocrx_word' id='word_1_4' title='bbox 1298 310 1640 369; x_wconf 74' lang='lat' dir='ltr'><strong>QUlNTUS.</strong></span> <span class='ocrx_word' id='word_1_5' title='bbox 2302 314 2384 373; x_wconf 78' lang='grc'><strong>83</strong></span> 
     </span>
    </p>
   </div>
   <div class='ocr_carea' id='block_1_2' title="bbox 247 452 2459 4007">
    <p class='ocr_par' dir='ltr' id='par_1_2' title="bbox 311 452 2431 1900">
     <span class='ocr_line' id='line_1_2' title="bbox 391 452 2383 534; baseline 0.002 -24"><span class='ocrx_word' id='word_1_6' title='bbox 391 452 685 511; x_wconf 84' lang='lat' dir='ltr'>XXVIII.</span> <span class='ocrx_word' id='word_1_7' title='bbox 743 454 1060 531; x_wconf 86' lang='lat' dir='ltr'>Arpineius</span> <span class='ocrx_word' id='word_1_8' title='bbox 1113 466 1171 512; x_wconf 89' lang='lat' dir='ltr'><strong>et</strong></span> <span class='ocrx_word' id='word_1_9' title='bbox 1222 454 1456 526; x_wconf 85' lang='lat' dir='ltr'><strong>Junius,</strong></span> <span class='ocrx_word' id='word_1_10' title='bbox 1500 474 1627 529; x_wconf 86' lang='lat' dir='ltr'><strong>quae</strong></span> <span class='ocrx_word' id='word_1_11' title='bbox 1672 454 1994 526; x_wconf 84' lang='lat' dir='ltr'><strong>audierunt,</strong></span> <span class='ocrx_word' id='word_1_12' title='bbox 2037 454 2109 512; x_wconf 86' lang='lat' dir='ltr'><strong>ad</strong></span> <span class='ocrx_word' id='word_1_13' title='bbox 2161 456 2383 534; x_wconf 80' lang='lat' dir='ltr'><strong>legatos</strong></span> 
     </span>
     <span class='ocr_line' id='line_1_3' title="bbox 312 543 2383 621; baseline 0.002 -21"><span class='ocrx_word' id='word_1_14' title='bbox 312 543 596 604; x_wconf 85' lang='lat' dir='ltr'><strong>deferunt.</strong></span> <span class='ocrx_word' id='word_1_15' title='bbox 680 544 793 616; x_wconf 92' lang='lat' dir='ltr'><strong>Illi,</strong></span> <span class='ocrx_word' id='word_1_16' title='bbox 824 546 1126 621; x_wconf 68' lang='lat' dir='ltr'><strong>repentina</strong></span> <span class='ocrx_word' id='word_1_17' title='bbox 1169 565 1232 603; x_wconf 92' lang='lat' dir='ltr'><strong>re</strong></span> <span class='ocrx_word' id='word_1_18' title='bbox 1272 546 1611 621; x_wconf 87' lang='lat' dir='ltr'><strong>perturbati,</strong></span> <span class='ocrx_word' id='word_1_19' title='bbox 1641 545 1745 603; x_wconf 88' lang='lat' dir='ltr'><strong>etsi</strong></span> <span class='ocrx_word' id='word_1_20' title='bbox 1797 547 1867 602; x_wconf 87' lang='lat' dir='ltr'><strong>ab</strong></span> <span class='ocrx_word' id='word_1_21' title='bbox 1914 546 2077 604; x_wconf 88' lang='lat' dir='ltr'><strong>hoste</strong></span> <span class='ocrx_word' id='word_1_22' title='bbox 2117 565 2189 605; x_wconf 88' lang='lat' dir='ltr'><strong>ea</strong></span> <span class='ocrx_word' id='word_1_23' title='bbox 2227 547 2383 605; x_wconf 87' lang='lat' dir='ltr'><strong>dice-</strong></span> 
     </span>
     <span class='ocr_line' id='line_1_4' title="bbox 314 635 2379 714; baseline 0.003 -22"><span class='ocrx_word' id='word_1_24' title='bbox 314 635 544 708; x_wconf 85' lang='lat' dir='ltr'>bantur,</span> <span class='ocrx_word' id='word_1_25' title='bbox 572 656 688 694; x_wconf 90' lang='lat' dir='ltr'><strong>non</strong></span> <span class='ocrx_word' id='word_1_26' title='bbox 715 648 909 694; x_wconf 89' lang='lat' dir='ltr'><strong>tamen</strong></span> <span class='ocrx_word' id='word_1_27' title='bbox 937 637 1288 714; x_wconf 87' lang='lat' dir='ltr'><strong>negligenda</strong></span> <span class='ocrx_word' id='word_1_28' title='bbox 1313 637 1751 696; x_wconf 81' lang='lat' dir='ltr'><strong>existimabant:</strong></span> <span class='ocrx_word' id='word_1_29' title='bbox 1796 636 2158 714; x_wconf 69' lang='lat' dir='ltr'><strong>maximeque</strong></span> <span class='ocrx_word' id='word_1_30' title='bbox 2184 639 2296 696; x_wconf 88' lang='lat' dir='ltr'><strong>hac</strong></span> <span class='ocrx_word' id='word_1_31' title='bbox 2315 657 2379 698; x_wconf 88' lang='lat' dir='ltr'><strong>re</strong></span> 
     </span>
     <span class='ocr_line' id='line_1_5' title="bbox 314 727 2381 806; baseline 0.002 -22"><span class='ocrx_word' id='word_1_32' title='bbox 314 729 813 802; x_wconf 84' lang='lat' dir='ltr'><strong>permovebantur,</strong></span> <span class='ocrx_word' id='word_1_33' title='bbox 842 727 999 803; x_wconf 75' lang='lat' dir='ltr'><strong>quod</strong></span> <span class='ocrx_word' id='word_1_34' title='bbox 1027 729 1317 786; x_wconf 80' lang='lat' dir='ltr'><strong>civitatem</strong></span> <span class='ocrx_word' id='word_1_35' title='bbox 1356 729 1669 806; x_wconf 87' lang='lat' dir='ltr'><strong>ignobilem</strong></span> <span class='ocrx_word' id='word_1_36' title='bbox 1699 740 1869 803; x_wconf 88' lang='lat' dir='ltr'><strong>atque</strong></span> <span class='ocrx_word' id='word_1_37' title='bbox 1909 730 2183 788; x_wconf 89' lang='lat' dir='ltr'><strong>humilem</strong></span> <span class='ocrx_word' id='word_1_38' title='bbox 2224 730 2381 789; x_wconf 88' lang='lat' dir='ltr'>Ebu-</span> 
     </span>
     <span class='ocr_line' id='line_1_6' title="bbox 316 819 2378 896; baseline 0.003 -21"><span class='ocrx_word' id='word_1_39' title='bbox 316 837 526 876; x_wconf 91' lang='lat' dir='ltr'><strong>ronum</strong></span> <span class='ocrx_word' id='word_1_40' title='bbox 574 822 680 876; x_wconf 71' lang='lat' dir='ltr'><strong>sua</strong></span> <span class='ocrx_word' id='word_1_41' title='bbox 730 831 934 896; x_wconf 90' lang='lat' dir='ltr'><strong>sponte</strong></span> <span class='ocrx_word' id='word_1_42' title='bbox 975 820 1190 895; x_wconf 90' lang='lat' dir='ltr'><strong>populo</strong></span> <span class='ocrx_word' id='word_1_43' title='bbox 1235 819 1510 877; x_wconf 86' lang='lat' dir='ltr'><strong>Romano</strong></span> <span class='ocrx_word' id='word_1_44' title='bbox 1551 820 1765 877; x_wconf 91' lang='lat' dir='ltr'><strong>bellum</strong></span> <span class='ocrx_word' id='word_1_45' title='bbox 1806 821 1997 879; x_wconf 89' lang='lat' dir='ltr'><strong>sacere</strong></span> <span class='ocrx_word' id='word_1_46' title='bbox 2039 841 2254 895; x_wconf 86' lang='lat' dir='ltr'><strong>ausam,</strong></span> <span class='ocrx_word' id='word_1_47' title='bbox 2284 823 2378 882; x_wconf 83' lang='lat' dir='ltr'><strong>vix</strong></span> 
     </span>
     <span class='ocr_line' id='line_1_7' title="bbox 314 911 2376 991; baseline 0.002 -24"><span class='ocrx_word' id='word_1_48' title='bbox 314 920 440 967; x_wconf 89' lang='lat' dir='ltr'><strong>erat</strong></span> <span class='ocrx_word' id='word_1_49' title='bbox 470 911 842 969; x_wconf 88' lang='lat' dir='ltr'><strong>credendum.</strong></span> <span class='ocrx_word' id='word_1_50' title='bbox 924 911 1128 986; x_wconf 87' lang='lat' dir='ltr'><strong>Itaque</strong></span> <span class='ocrx_word' id='word_1_51' title='bbox 1157 911 1229 968; x_wconf 95' lang='lat' dir='ltr'><strong>ad</strong></span> <span class='ocrx_word' id='word_1_52' title='bbox 1258 911 1564 969; x_wconf 88' lang='lat' dir='ltr'><strong>consilium</strong></span> <span class='ocrx_word' id='word_1_53' title='bbox 1592 930 1714 969; x_wconf 91' lang='lat' dir='ltr'><strong>rem</strong></span> <span class='ocrx_word' id='word_1_54' title='bbox 1742 911 2025 984; x_wconf 87' lang='lat' dir='ltr'><strong>deserunt,</strong></span> <span class='ocrx_word' id='word_1_55' title='bbox 2053 932 2376 991; x_wconf 87' lang='lat' dir='ltr'><strong>magnaque</strong></span> 
     </span>
     <span class='ocr_line' id='line_1_8' title="bbox 314 1002 2376 1081; baseline 0.002 -22"><span class='ocrx_word' id='word_1_56' title='bbox 314 1002 464 1060; x_wconf 89' lang='lat' dir='ltr'><strong>inter</strong></span> <span class='ocrx_word' id='word_1_57' title='bbox 505 1021 606 1059; x_wconf 89' lang='lat' dir='ltr'><strong>eos</strong></span> <span class='ocrx_word' id='word_1_58' title='bbox 632 1002 853 1061; x_wconf 81' lang='lat' dir='ltr'><strong>exsistit</strong></span> <span class='ocrx_word' id='word_1_59' title='bbox 881 1003 1283 1061; x_wconf 86' lang='lat' dir='ltr'><strong>controversia.</strong></span> <span class='ocrx_word' id='word_1_60' title='bbox 1368 1002 1435 1060; x_wconf 91' lang='lat' dir='ltr'><strong>L.</strong></span> <span class='ocrx_word' id='word_1_61' title='bbox 1466 1003 1900 1061; x_wconf 76' lang='lat' dir='ltr'><strong>Aurunculeius</strong></span> <span class='ocrx_word' id='word_1_62' title='bbox 1939 1005 2376 1081; x_wconf 81' lang='lat' dir='ltr'><strong>compluresque</strong></span> 
     </span>
     <span class='ocr_line' id='line_1_9' title="bbox 312 1093 2373 1170; baseline 0.002 -20"><span class='ocrx_word' id='word_1_63' title='bbox 312 1093 532 1151; x_wconf 88' lang='lat' dir='ltr'><strong>tribuni</strong></span> <span class='ocrx_word' id='word_1_64' title='bbox 586 1093 835 1152; x_wconf 89' lang='lat' dir='ltr'><strong>militum</strong></span> <span class='ocrx_word' id='word_1_65' title='bbox 892 1104 951 1152; x_wconf 89' lang='lat' dir='ltr'><strong>et</strong></span> <span class='ocrx_word' id='word_1_66' title='bbox 1019 1094 1337 1170; x_wconf 89' lang='lat' dir='ltr'><strong>primorum</strong></span> <span class='ocrx_word' id='word_1_67' title='bbox 1404 1094 1671 1151; x_wconf 86' lang='lat' dir='ltr'><strong>ordinum</strong></span> <span class='ocrx_word' id='word_1_68' title='bbox 1739 1094 2122 1167; x_wconf 86' lang='lat' dir='ltr'><strong>centuriones,</strong></span> <span class='ocrx_word' id='word_1_69' title='bbox 2191 1102 2208 1130; x_wconf 87' lang='lat'>‘</span> <span class='ocrx_word' id='word_1_70' title='bbox 2230 1097 2373 1155; x_wconf 87' lang='lat' dir='ltr'><strong>nihil</strong></span> 
     </span>
     <span class='ocr_line' id='line_1_10' title="bbox 312 1180 2377 1262; baseline 0.003 -22"><span class='ocrx_word' id='word_1_71' title='bbox 312 1196 533 1243; x_wconf 90' lang='lat' dir='ltr'><strong>temere</strong></span> <span class='ocrx_word' id='word_1_72' title='bbox 561 1185 871 1262; x_wconf 89' lang='lat' dir='ltr'><strong>agendum,</strong></span> <span class='ocrx_word' id='word_1_73' title='bbox 898 1204 1086 1260; x_wconf 91' lang='lat' dir='ltr'><strong>neque</strong></span> <span class='ocrx_word' id='word_1_74' title='bbox 1125 1204 1197 1244; x_wconf 87' lang='lat' dir='ltr'><strong>ex</strong></span> <span class='ocrx_word' id='word_1_75' title='bbox 1236 1185 1495 1242; x_wconf 89' lang='lat' dir='ltr'><strong>hibernis</strong></span> <span class='ocrx_word' id='word_1_76' title='bbox 1530 1180 1753 1262; x_wconf 86' lang='lat' dir='ltr'><strong>injussu</strong></span> <span class='ocrx_word' id='word_1_77' title='bbox 1794 1185 2041 1243; x_wconf 85' lang='lat' dir='ltr'><strong>Caesaris</strong></span> <span class='ocrx_word' id='word_1_78' title='bbox 2079 1187 2377 1246; x_wconf 90' lang='lat' dir='ltr'><strong>disceden-</strong></span> 
     </span>
     <span class='ocr_line' id='line_1_11' title="bbox 311 1274 2377 1353; baseline 0.002 -22"><span class='ocrx_word' id='word_1_79' title='bbox 311 1274 470 1332; x_wconf 92' lang='lat' dir='ltr'><strong>dum’</strong></span> <span class='ocrx_word' id='word_1_80' title='bbox 515 1276 957 1334; x_wconf 83' lang='lat' dir='ltr'><strong>existimabant:</strong></span> <span class='ocrx_word' id='word_1_81' title='bbox 999 1283 1015 1309; x_wconf 89' lang='lat'>‘</span> <span class='ocrx_word' id='word_1_82' title='bbox 1039 1277 1368 1351; x_wconf 70' lang='lat' dir='ltr'><strong>quantasvis</strong></span> <span class='ocrx_word' id='word_1_83' title='bbox 1416 1295 1655 1353; x_wconf 89' lang='lat' dir='ltr'><strong>magnas</strong></span> <span class='ocrx_word' id='word_1_84' title='bbox 1694 1277 1868 1334; x_wconf 87' lang='lat' dir='ltr'><strong>etiam</strong></span> <span class='ocrx_word' id='word_1_85' title='bbox 1906 1278 2102 1353; x_wconf 89' lang='lat' dir='ltr'><strong>copias</strong></span> <span class='ocrx_word' id='word_1_86' title='bbox 2140 1278 2377 1336; x_wconf 82' lang='lat' dir='ltr'><strong>Germa-</strong></span> 
     </span>
     <span class='ocr_line' id='line_1_12' title="bbox 311 1368 2377 1443; baseline 0.002 -21"><span class='ocrx_word' id='word_1_87' title='bbox 311 1385 519 1423; x_wconf 90' lang='lat' dir='ltr'><strong>norum</strong></span> <span class='ocrx_word' id='word_1_88' title='bbox 549 1368 818 1425; x_wconf 87' lang='lat' dir='ltr'><strong>sustineri</strong></span> <span class='ocrx_word' id='word_1_89' title='bbox 846 1386 1013 1443; x_wconf 89' lang='lat' dir='ltr'><strong>posse</strong></span> <span class='ocrx_word' id='word_1_90' title='bbox 1054 1368 1293 1426; x_wconf 89' lang='lat' dir='ltr'><strong>munitis</strong></span> <span class='ocrx_word' id='word_1_91' title='bbox 1337 1368 1594 1426; x_wconf 88' lang='lat' dir='ltr'><strong>hibernis</strong></span> <span class='ocrx_word' id='word_1_92' title='bbox 1610 1368 1625 1395; x_wconf 88' lang='lat'>&#39;</span> <span class='ocrx_word' id='word_1_93' title='bbox 1657 1368 1975 1426; x_wconf 80' lang='lat' dir='ltr'><strong>docebant:</strong></span> <span class='ocrx_word' id='word_1_94' title='bbox 2018 1375 2034 1401; x_wconf 88' lang='lat'>‘</span> <span class='ocrx_word' id='word_1_95' title='bbox 2055 1368 2207 1426; x_wconf 89' lang='lat' dir='ltr'><strong>Rem</strong></span> <span class='ocrx_word' id='word_1_96' title='bbox 2251 1387 2377 1427; x_wconf 88' lang='lat' dir='ltr'><strong>esse</strong></span> 
     </span>
     <span class='ocr_line' id='line_1_13' title="bbox 313 1457 2378 1535; baseline 0.001 -21"><span class='ocrx_word' id='word_1_97' title='bbox 313 1458 668 1529; x_wconf 85' lang='lat' dir='ltr'><strong>testimonio,</strong></span> <span class='ocrx_word' id='word_1_98' title='bbox 706 1457 863 1533; x_wconf 77' lang='lat' dir='ltr'><strong>quod</strong></span> <span class='ocrx_word' id='word_1_99' title='bbox 903 1460 1151 1535; x_wconf 88' lang='lat' dir='ltr'><strong>primum</strong></span> <span class='ocrx_word' id='word_1_100' title='bbox 1196 1459 1446 1516; x_wconf 89' lang='lat' dir='ltr'><strong>hostium</strong></span> <span class='ocrx_word' id='word_1_101' title='bbox 1497 1460 1791 1535; x_wconf 89' lang='lat' dir='ltr'><strong>impetum,</strong></span> <span class='ocrx_word' id='word_1_102' title='bbox 1833 1460 2028 1516; x_wconf 90' lang='lat' dir='ltr'><strong>multis</strong></span> <span class='ocrx_word' id='word_1_103' title='bbox 2069 1460 2219 1518; x_wconf 89' lang='lat' dir='ltr'><strong>ultro</strong></span> <span class='ocrx_word' id='word_1_104' title='bbox 2261 1461 2378 1518; x_wconf 86' lang='lat' dir='ltr'><strong>vul·</strong></span> 
     </span>
     <span class='ocr_line' id='line_1_14' title="bbox 314 1546 2375 1619; baseline 0.002 -14"><span class='ocrx_word' id='word_1_105' title='bbox 314 1550 553 1606; x_wconf 88' lang='lat' dir='ltr'><strong>neribus</strong></span> <span class='ocrx_word' id='word_1_106' title='bbox 606 1549 795 1619; x_wconf 82' lang='lat' dir='ltr'><strong>illatis,</strong></span> <span class='ocrx_word' id='word_1_107' title='bbox 851 1546 1158 1608; x_wconf 70' lang='lat' dir='ltr'><strong>fortissime</strong></span> <span class='ocrx_word' id='word_1_108' title='bbox 1227 1551 1641 1608; x_wconf 70' lang='lat' dir='ltr'><strong>sustinuerint:</strong></span> <span class='ocrx_word' id='word_1_109' title='bbox 1710 1569 1772 1607; x_wconf 91' lang='lat' dir='ltr'><strong>re</strong></span> <span class='ocrx_word' id='word_1_110' title='bbox 1837 1550 2205 1608; x_wconf 62' lang='lat' dir='ltr'><strong>frumentaria⁴</strong></span> <span class='ocrx_word' id='word_1_111' title='bbox 2259 1571 2375 1610; x_wconf 91' lang='lat' dir='ltr'><strong>non</strong></span> 
     </span>
     <span class='ocr_line' id='line_1_15' title="bbox 312 1641 2376 1717; baseline 0.002 -20"><span class='ocrx_word' id='word_1_112' title='bbox 312 1641 531 1715; x_wconf 88' lang='lat' dir='ltr'><strong>premi:</strong></span> <span class='ocrx_word' id='word_1_113' title='bbox 577 1641 797 1698; x_wconf 90' lang='lat' dir='ltr'><strong>interea</strong></span> <span class='ocrx_word' id='word_1_114' title='bbox 823 1652 881 1699; x_wconf 89' lang='lat' dir='ltr'><strong>et</strong></span> <span class='ocrx_word' id='word_1_115' title='bbox 908 1660 978 1699; x_wconf 88' lang='lat' dir='ltr'><strong>ex</strong></span> <span class='ocrx_word' id='word_1_116' title='bbox 1005 1641 1280 1717; x_wconf 87' lang='lat' dir='ltr'><strong>proximis</strong></span> <span class='ocrx_word' id='word_1_117' title='bbox 1307 1641 1584 1713; x_wconf 90' lang='lat' dir='ltr'><strong>hibernis,</strong></span> <span class='ocrx_word' id='word_1_118' title='bbox 1613 1652 1671 1698; x_wconf 91' lang='lat' dir='ltr'><strong>et</strong></span> <span class='ocrx_word' id='word_1_119' title='bbox 1700 1660 1732 1698; x_wconf 83' lang='lat' dir='ltr'><strong>a</strong></span> <span class='ocrx_word' id='word_1_120' title='bbox 1758 1641 1988 1700; x_wconf 84' lang='lat' dir='ltr'><strong>Caesare</strong></span> <span class='ocrx_word' id='word_1_121' title='bbox 2024 1653 2376 1702; x_wconf 85' lang='lat' dir='ltr'><strong>conventura</strong></span> 
     </span>
     <span class='ocr_line' id='line_1_16' title="bbox 312 1732 2371 1811; baseline 0.002 -24"><span class='ocrx_word' id='word_1_122' title='bbox 312 1732 606 1790; x_wconf 84' lang='lat' dir='ltr'><strong>subsidia:</strong></span> <span class='ocrx_word' id='word_1_123' title='bbox 631 1733 646 1758; x_wconf 89' lang='lat'>’</span> <span class='ocrx_word' id='word_1_124' title='bbox 702 1732 1013 1808; x_wconf 74' lang='lat' dir='ltr'><strong>postremo,</strong></span> <span class='ocrx_word' id='word_1_125' title='bbox 1068 1740 1084 1766; x_wconf 88' lang='lat'>‘</span> <span class='ocrx_word' id='word_1_126' title='bbox 1104 1733 1243 1808; x_wconf 88' lang='lat' dir='ltr'><strong>quid</strong></span> <span class='ocrx_word' id='word_1_127' title='bbox 1297 1751 1424 1790; x_wconf 87' lang='lat' dir='ltr'><strong>esse</strong></span> <span class='ocrx_word' id='word_1_128' title='bbox 1495 1732 1678 1790; x_wconf 83' lang='lat' dir='ltr'><strong>levius</strong></span> <span class='ocrx_word' id='word_1_129' title='bbox 1732 1744 1829 1791; x_wconf 87' lang='lat' dir='ltr'><strong>aut</strong></span> <span class='ocrx_word' id='word_1_130' title='bbox 1881 1734 2121 1810; x_wconf 87' lang='lat' dir='ltr'><strong>turpius,</strong></span> <span class='ocrx_word' id='word_1_131' title='bbox 2176 1734 2371 1811; x_wconf 67' lang='lat' dir='ltr'><strong>quam,</strong></span> 
     </span>
     <span class='ocr_line' id='line_1_17' title="bbox 317 1824 2431 1900; baseline 0.002 -21"><span class='ocrx_word' id='word_1_132' title='bbox 317 1835 551 1881; x_wconf 87' lang='lat' dir='ltr'><strong>auctore</strong></span> <span class='ocrx_word' id='word_1_133' title='bbox 579 1824 762 1896; x_wconf 86' lang='lat' dir='ltr'><strong>hoste,</strong></span> <span class='ocrx_word' id='word_1_134' title='bbox 792 1824 865 1882; x_wconf 87' lang='lat' dir='ltr'><strong>de</strong></span> <span class='ocrx_word' id='word_1_135' title='bbox 893 1825 1131 1882; x_wconf 89' lang='lat' dir='ltr'><strong>summis</strong></span> <span class='ocrx_word' id='word_1_136' title='bbox 1157 1825 1330 1883; x_wconf 90' lang='lat' dir='ltr'><strong>rebus</strong></span> <span class='ocrx_word' id='word_1_137' title='bbox 1357 1843 1564 1900; x_wconf 85' lang='lat' dir='ltr'><strong>capere</strong></span> <span class='ocrx_word' id='word_1_138' title='bbox 1592 1825 1891 1883; x_wconf 89' lang='lat' dir='ltr'><strong>consilium</strong></span> <span class='ocrx_word' id='word_1_139' title='bbox 1914 1827 1976 1884; x_wconf 72' lang='lat'><strong>&#39;1’</strong></span> <span class='ocrx_word' id='word_1_140' title='bbox 2424 1824 2431 1831; x_wconf 83' lang='lat'>&#39;</span> 
     </span>
    </p>

    <p class='ocr_par' dir='ltr' id='par_1_3' title="bbox 247 1915 2459 2818">
     <span class='ocr_line' id='line_1_18' title="bbox 392 1915 2369 1994; baseline 0.003 -22"><span class='ocrx_word' id='word_1_141' title='bbox 392 1915 630 1973; x_wconf 85' lang='lat' dir='ltr'>XXIX.-</span> <span class='ocrx_word' id='word_1_142' title='bbox 672 1916 893 1975; x_wconf 87' lang='lat' dir='ltr'><strong>Contra</strong></span> <span class='ocrx_word' id='word_1_143' title='bbox 912 1935 982 1974; x_wconf 89' lang='lat' dir='ltr'><strong>ea</strong></span> <span class='ocrx_word' id='word_1_144' title='bbox 1002 1916 1268 1974; x_wconf 90' lang='lat' dir='ltr'><strong>Titurius</strong></span> <span class='ocrx_word' id='word_1_145' title='bbox 1286 1924 1302 1950; x_wconf 90' lang='lat'>‘</span> <span class='ocrx_word' id='word_1_146' title='bbox 1321 1915 1449 1975; x_wconf 71' lang='lat' dir='ltr'><strong>sero</strong></span> <span class='ocrx_word' id='word_1_147' title='bbox 1474 1916 1722 1974; x_wconf 84' lang='lat' dir='ltr'><strong>facturos</strong></span> <span class='ocrx_word' id='word_1_148' title='bbox 1740 1920 1753 1944; x_wconf 93' lang='lat'>&#39;</span> <span class='ocrx_word' id='word_1_149' title='bbox 1779 1918 2126 1990; x_wconf 89' lang='lat' dir='ltr'><strong>clamitabat,</strong></span> <span class='ocrx_word' id='word_1_150' title='bbox 2156 1924 2173 1952; x_wconf 84' lang='lat'>‘</span> <span class='ocrx_word' id='word_1_151' title='bbox 2193 1937 2369 1994; x_wconf 90' lang='lat' dir='ltr'><strong>quum</strong></span> 
     </span>
     <span class='ocr_line' id='line_1_19' title="bbox 316 2008 2372 2084; baseline 0.003 -21"><span class='ocrx_word' id='word_1_152' title='bbox 316 2008 556 2084; x_wconf 88' lang='lat' dir='ltr'><strong>majores</strong></span> <span class='ocrx_word' id='word_1_153' title='bbox 597 2008 847 2066; x_wconf 83' lang='lat' dir='ltr'><strong>hostium</strong></span> <span class='ocrx_word' id='word_1_154' title='bbox 888 2028 1113 2081; x_wconf 91' lang='lat' dir='ltr'><strong>manus,</strong></span> <span class='ocrx_word' id='word_1_155' title='bbox 1144 2010 1429 2084; x_wconf 87' lang='lat' dir='ltr'><strong>adjunctis</strong></span> <span class='ocrx_word' id='word_1_156' title='bbox 1468 2009 1790 2081; x_wconf 88' lang='lat' dir='ltr'><strong>Germanis,</strong></span> <span class='ocrx_word' id='word_1_157' title='bbox 1820 2011 2242 2083; x_wconf 86' lang='lat' dir='ltr'><strong>convenissent,</strong></span> <span class='ocrx_word' id='word_1_158' title='bbox 2274 2022 2372 2069; x_wconf 89' lang='lat' dir='ltr'><strong>aut</strong></span> 
     </span>
     <span class='ocr_line' id='line_1_20' title="bbox 318 2099 2367 2178; baseline 0.002 -24"><span class='ocrx_word' id='word_1_159' title='bbox 318 2117 492 2173; x_wconf 88' lang='lat' dir='ltr'><strong>quum</strong></span> <span class='ocrx_word' id='word_1_160' title='bbox 523 2099 739 2174; x_wconf 88' lang='lat' dir='ltr'><strong>aliquid</strong></span> <span class='ocrx_word' id='word_1_161' title='bbox 768 2100 1109 2158; x_wconf 87' lang='lat' dir='ltr'><strong>calamitatis</strong></span> <span class='ocrx_word' id='word_1_162' title='bbox 1138 2100 1197 2157; x_wconf 93' lang='lat' dir='ltr'><strong>in</strong></span> <span class='ocrx_word' id='word_1_163' title='bbox 1223 2099 1499 2176; x_wconf 87' lang='lat' dir='ltr'><strong>proximis</strong></span> <span class='ocrx_word' id='word_1_164' title='bbox 1540 2101 1795 2159; x_wconf 90' lang='lat' dir='ltr'><strong>hibernis</strong></span> <span class='ocrx_word' id='word_1_165' title='bbox 1834 2112 1983 2159; x_wconf 89' lang='lat' dir='ltr'><strong>esset</strong></span> <span class='ocrx_word' id='word_1_166' title='bbox 2025 2113 2367 2178; x_wconf 85' lang='lat' dir='ltr'><strong>acceptum:</strong></span> 
     </span>
     <span class='ocr_line' id='line_1_21' title="bbox 318 2191 2372 2269; baseline 0.002 -22"><span class='ocrx_word' id='word_1_167' title='bbox 318 2191 545 2250; x_wconf 83' lang='lat' dir='ltr'><strong>brevem</strong></span> <span class='ocrx_word' id='word_1_168' title='bbox 595 2192 935 2250; x_wconf 90' lang='lat' dir='ltr'><strong>consulendi</strong></span> <span class='ocrx_word' id='word_1_169' title='bbox 978 2211 1104 2251; x_wconf 89' lang='lat' dir='ltr'><strong>esse</strong></span> <span class='ocrx_word' id='word_1_170' title='bbox 1146 2192 1552 2250; x_wconf 86' lang='lat' dir='ltr'><strong>occasionem:</strong></span> <span class='ocrx_word' id='word_1_171' title='bbox 1614 2193 1901 2251; x_wconf 68' lang='lat' dir='ltr'><strong>Caesarem</strong></span> <span class='ocrx_word' id='word_1_172' title='bbox 1945 2194 2204 2251; x_wconf 88' lang='lat' dir='ltr'><strong>arbitrari</strong></span> <span class='ocrx_word' id='word_1_173' title='bbox 2244 2213 2372 2269; x_wconf 90' lang='lat' dir='ltr'><strong>pro-</strong></span> 
     </span>
     <span class='ocr_line' id='line_1_22' title="bbox 316 2283 2370 2362; baseline 0.002 -23"><span class='ocrx_word' id='word_1_174' title='bbox 316 2283 530 2341; x_wconf 86' lang='lat' dir='ltr'><strong>fectum</strong></span> <span class='ocrx_word' id='word_1_175' title='bbox 560 2284 621 2342; x_wconf 90' lang='lat' dir='ltr'><strong>in</strong></span> <span class='ocrx_word' id='word_1_176' title='bbox 647 2285 905 2342; x_wconf 88' lang='lat' dir='ltr'><strong>Italiam:</strong></span> <span class='ocrx_word' id='word_1_177' title='bbox 946 2303 1134 2359; x_wconf 89' lang='lat' dir='ltr'><strong>neque</strong></span> <span class='ocrx_word' id='word_1_178' title='bbox 1166 2284 1326 2342; x_wconf 85' lang='lat' dir='ltr'><strong>aliter</strong></span> <span class='ocrx_word' id='word_1_179' title='bbox 1355 2284 1643 2343; x_wconf 85' lang='lat' dir='ltr'><strong>Carnutes</strong></span> <span class='ocrx_word' id='word_1_180' title='bbox 1684 2284 2066 2342; x_wconf 89' lang='lat' dir='ltr'><strong>interficiendi</strong></span> <span class='ocrx_word' id='word_1_181' title='bbox 2104 2284 2370 2362; x_wconf 87' lang='lat' dir='ltr'><strong>Tasgetii</strong></span> 
     </span>
     <span class='ocr_line' id='line_1_23' title="bbox 315 2374 2369 2455; baseline 0 -24"><span class='ocrx_word' id='word_1_182' title='bbox 315 2375 624 2433; x_wconf 90' lang='lat' dir='ltr'><strong>consilium</strong></span> <span class='ocrx_word' id='word_1_183' title='bbox 651 2376 853 2434; x_wconf 87' lang='lat' dir='ltr'><strong>-fuisse</strong></span> <span class='ocrx_word' id='word_1_184' title='bbox 900 2387 1199 2452; x_wconf 85' lang='lat' dir='ltr'><strong>capturos3</strong></span> <span class='ocrx_word' id='word_1_185' title='bbox 1257 2395 1446 2451; x_wconf 91' lang='lat' dir='ltr'><strong>neque</strong></span> <span class='ocrx_word' id='word_1_186' title='bbox 1482 2375 1822 2455; x_wconf 78' lang='lat' dir='ltr'><strong>Eburones,</strong></span> <span class='ocrx_word' id='word_1_187' title='bbox 1874 2374 1921 2431; x_wconf 89' lang='lat' dir='ltr'><strong>si</strong></span> <span class='ocrx_word' id='word_1_188' title='bbox 1977 2375 2072 2432; x_wconf 91' lang='lat' dir='ltr'><strong>ille</strong></span> <span class='ocrx_word' id='word_1_189' title='bbox 2128 2375 2369 2445; x_wconf 87' lang='lat' dir='ltr'><strong>adesset,</strong></span> 
     </span>
     <span class='ocr_line' id='line_1_24' title="bbox 312 2467 2459 2543; baseline 0 -20"><span class='ocrx_word' id='word_1_190' title='bbox 312 2468 472 2524; x_wconf 69' lang='lat' dir='ltr'><strong>tanta</strong></span> <span class='ocrx_word' id='word_1_191' title='bbox 503 2476 656 2524; x_wconf 81' lang='lat' dir='ltr'><strong>cum·</strong></span> <span class='ocrx_word' id='word_1_192' title='bbox 682 2469 1111 2543; x_wconf 87' lang='lat' dir='ltr'><strong>contemptione</strong></span> <span class='ocrx_word' id='word_1_193' title='bbox 1156 2468 1336 2525; x_wconf 89' lang='lat' dir='ltr'><strong>nostri</strong></span> <span class='ocrx_word' id='word_1_194' title='bbox 1388 2467 1457 2524; x_wconf 89' lang='lat' dir='ltr'><strong>ad</strong></span> <span class='ocrx_word' id='word_1_195' title='bbox 1506 2476 1694 2524; x_wconf 88' lang='lat' dir='ltr'><strong>castra</strong></span> <span class='ocrx_word' id='word_1_196' title='bbox 1735 2476 2004 2524; x_wconf 87' lang='lat' dir='ltr'><strong>venturos</strong></span> <span class='ocrx_word' id='word_1_197' title='bbox 2048 2485 2211 2524; x_wconf 88' lang='lat' dir='ltr'><strong>esse:</strong></span> <span class='ocrx_word' id='word_1_198' title='bbox 2253 2484 2371 2524; x_wconf 93' lang='lat' dir='ltr'><strong>non</strong></span> <span class='ocrx_word' id='word_1_199' title='bbox 2452 2525 2459 2532; x_wconf 77' lang='grc'><em>,</em></span> 
     </span>
     <span class='ocr_line' id='line_1_25' title="bbox 313 2557 2372 2635; baseline 0.001 -21"><span class='ocrx_word' id='word_1_200' title='bbox 313 2558 535 2616; x_wconf 90' lang='lat' dir='ltr'><strong>hostem</strong></span> <span class='ocrx_word' id='word_1_201' title='bbox 566 2571 879 2630; x_wconf 87' lang='lat' dir='ltr'><strong>auctorem,</strong></span> <span class='ocrx_word' id='word_1_202' title='bbox 909 2561 1010 2618; x_wconf 87' lang='lat' dir='ltr'><strong>sed</strong></span> <span class='ocrx_word' id='word_1_203' title='bbox 1037 2579 1159 2618; x_wconf 90' lang='lat' dir='ltr'><strong>rem</strong></span> <span class='ocrx_word' id='word_1_204' title='bbox 1187 2569 1483 2635; x_wconf 84' lang='lat' dir='ltr'><strong>spectare3</strong></span> <span class='ocrx_word' id='word_1_205' title='bbox 1530 2559 1765 2617; x_wconf 87' lang='lat' dir='ltr'><strong>subesse</strong></span> <span class='ocrx_word' id='word_1_206' title='bbox 1805 2557 2115 2629; x_wconf 85' lang='lat' dir='ltr'><strong>Rhenum;</strong></span> <span class='ocrx_word' id='word_1_207' title='bbox 2159 2576 2372 2635; x_wconf 88' lang='lat' dir='ltr'><strong>magno</strong></span> 
     </span>
     <span class='ocr_line' id='line_1_26' title="bbox 315 2649 2371 2725; baseline 0.001 -19"><span class='ocrx_word' id='word_1_208' title='bbox 315 2668 442 2707; x_wconf 90' lang='lat' dir='ltr'><strong>esse</strong></span> <span class='ocrx_word' id='word_1_209' title='bbox 488 2651 796 2709; x_wconf 90' lang='lat' dir='ltr'><strong>Germanis</strong></span> <span class='ocrx_word' id='word_1_210' title='bbox 843 2651 1025 2709; x_wconf 87' lang='lat' dir='ltr'><strong>dolori</strong></span> <span class='ocrx_word' id='word_1_211' title='bbox 1073 2651 1349 2708; x_wconf 84' lang='lat' dir='ltr'><strong>Ariovisti</strong></span> <span class='ocrx_word' id='word_1_212' title='bbox 1391 2661 1632 2708; x_wconf 83' lang='lat' dir='ltr'><strong>mortem</strong></span> <span class='ocrx_word' id='word_1_213' title='bbox 1680 2660 1738 2708; x_wconf 89' lang='lat' dir='ltr'><strong>et</strong></span> <span class='ocrx_word' id='word_1_214' title='bbox 1778 2649 2099 2725; x_wconf 90' lang='lat' dir='ltr'><strong>superiores</strong></span> <span class='ocrx_word' id='word_1_215' title='bbox 2148 2661 2371 2709; x_wconf 85' lang='lat' dir='ltr'><strong>nostras</strong></span> 
     </span>
     <span class='ocr_line' id='line_1_27' title="bbox 247 2742 2369 2818; baseline 0.001 -21"><span class='ocrx_word' id='word_1_216' title='bbox 247 2751 266 2772; x_wconf 70' lang='lat'><strong>³*</strong></span> <span class='ocrx_word' id='word_1_217' title='bbox 314 2742 620 2800; x_wconf 85' lang='lat' dir='ltr'><strong>victorias:</strong></span> <span class='ocrx_word' id='word_1_218' title='bbox 666 2743 865 2801; x_wconf 87' lang='lat' dir='ltr'><strong>ardere</strong></span> <span class='ocrx_word' id='word_1_219' title='bbox 904 2743 1175 2814; x_wconf 86' lang='lat' dir='ltr'><strong>Galliam,</strong></span> <span class='ocrx_word' id='word_1_220' title='bbox 1202 2753 1285 2800; x_wconf 89' lang='lat' dir='ltr'><strong>tot</strong></span> <span class='ocrx_word' id='word_1_221' title='bbox 1327 2742 1692 2800; x_wconf 81' lang='lat' dir='ltr'><strong>contumeliis</strong></span> <span class='ocrx_word' id='word_1_222' title='bbox 1735 2742 1986 2817; x_wconf 89' lang='lat' dir='ltr'><strong>acceptis</strong></span> <span class='ocrx_word' id='word_1_223' title='bbox 2025 2742 2132 2799; x_wconf 91' lang='lat' dir='ltr'><strong>sub</strong></span> <span class='ocrx_word' id='word_1_224' title='bbox 2171 2742 2369 2818; x_wconf 91' lang='lat' dir='ltr'><strong>populi</strong></span> 
     </span>
    </p>

    <p class='ocr_par' dir='ltr' id='par_1_4' title="bbox 289 2832 2369 3715">
     <span class='ocr_line' id='line_1_28' title="bbox 289 2832 2368 2913; baseline 0.002 -25"><span class='ocrx_word' id='word_1_225' title='bbox 289 2832 570 2913; x_wconf 20' lang='lat' dir='ltr'><strong>‘Romani</strong></span> <span class='ocrx_word' id='word_1_226' title='bbox 624 2834 927 2910; x_wconf 89' lang='lat' dir='ltr'><strong>imperium</strong></span> <span class='ocrx_word' id='word_1_227' title='bbox 995 2834 1307 2907; x_wconf 75' lang='lat' dir='ltr'><strong>redactam,</strong></span> <span class='ocrx_word' id='word_1_228' title='bbox 1363 2833 1656 2909; x_wconf 81' lang='lat' dir='ltr'><strong>superiore</strong></span> <span class='ocrx_word' id='word_1_229' title='bbox 1707 2834 1890 2911; x_wconf 71' lang='lat' dir='ltr'><strong>gloria</strong></span> <span class='ocrx_word' id='word_1_230' title='bbox 1943 2834 2040 2892; x_wconf 80' lang='lat' dir='ltr'><strong>‘rei</strong></span> <span class='ocrx_word' id='word_1_231' title='bbox 2106 2834 2368 2893; x_wconf 88' lang='lat' dir='ltr'><strong>militaris</strong></span> 
     </span>
     <span class='ocr_line' id='line_1_29' title="bbox 315 2924 2366 3001; baseline 0.001 -20"><span class='ocrx_word' id='word_1_232' title='bbox 315 2925 635 2983; x_wconf 66' lang='lat' dir='ltr'><strong>exstincta!</strong></span> <span class='ocrx_word' id='word_1_233' title='bbox 717 2924 1037 2998; x_wconf 72' lang='lat' dir='ltr'><strong>Postremo,</strong></span> <span class='ocrx_word' id='word_1_234' title='bbox 1083 2933 1099 2959; x_wconf 90' lang='lat'>‘</span> <span class='ocrx_word' id='word_1_235' title='bbox 1120 2926 1247 3000; x_wconf 89' lang='lat' dir='ltr'><strong>quis</strong></span> <span class='ocrx_word' id='word_1_236' title='bbox 1295 2925 1406 2983; x_wconf 90' lang='lat' dir='ltr'><strong>hoc</strong></span> <span class='ocrx_word' id='word_1_237' title='bbox 1453 2926 1562 2982; x_wconf 70' lang='lat' dir='ltr'><strong>snbi</strong></span> <span class='ocrx_word' id='word_1_238' title='bbox 1605 2926 1991 3001; x_wconf 89' lang='lat' dir='ltr'><strong>persuaderet,</strong></span> <span class='ocrx_word' id='word_1_239' title='bbox 2035 2926 2160 2983; x_wconf 89' lang='lat' dir='ltr'><strong>sine</strong></span> <span class='ocrx_word' id='word_1_240' title='bbox 2208 2926 2366 2984; x_wconf 68' lang='lat' dir='ltr'><strong>certa</strong></span> 
     </span>
     <span class='ocr_line' id='line_1_30' title="bbox 316 3016 2365 3095; baseline 0 -22"><span class='ocrx_word' id='word_1_241' title='bbox 316 3034 379 3074; x_wconf 89' lang='lat' dir='ltr'><strong>re</strong></span> <span class='ocrx_word' id='word_1_242' title='bbox 433 3016 831 3095; x_wconf 87' lang='lat' dir='ltr'><strong>Ambiorigem</strong></span> <span class='ocrx_word' id='word_1_243' title='bbox 888 3017 958 3074; x_wconf 90' lang='lat' dir='ltr'><strong>ad</strong></span> <span class='ocrx_word' id='word_1_244' title='bbox 1010 3017 1288 3093; x_wconf 88' lang='lat' dir='ltr'><strong>ejusmodi</strong></span> <span class='ocrx_word' id='word_1_245' title='bbox 1345 3016 1650 3075; x_wconf 88' lang='lat' dir='ltr'><strong>consilium</strong></span> <span class='ocrx_word' id='word_1_246' title='bbox 1697 3017 2105 3076; x_wconf 70' lang='lat' dir='ltr'><strong>descendisse?</strong></span> <span class='ocrx_word' id='word_1_247' title='bbox 2188 3019 2365 3075; x_wconf 87' lang='lat' dir='ltr'><strong>Suam</strong></span> 
     </span>
     <span class='ocr_line' id='line_1_31' title="bbox 316 3107 2366 3185; baseline 0 -21"><span class='ocrx_word' id='word_1_248' title='bbox 316 3108 656 3165; x_wconf 88' lang='lat' dir='ltr'><strong>sententiam</strong></span> <span class='ocrx_word' id='word_1_249' title='bbox 685 3109 744 3166; x_wconf 92' lang='lat' dir='ltr'><strong>in</strong></span> <span class='ocrx_word' id='word_1_250' title='bbox 786 3120 1088 3183; x_wconf 91' lang='lat' dir='ltr'><strong>utramque</strong></span> <span class='ocrx_word' id='word_1_251' title='bbox 1125 3111 1346 3185; x_wconf 85' lang='lat' dir='ltr'><strong>partem</strong></span> <span class='ocrx_word' id='word_1_252' title='bbox 1389 3127 1514 3165; x_wconf 86' lang='lat' dir='ltr'><strong>esse</strong></span> <span class='ocrx_word' id='word_1_253' title='bbox 1553 3118 1773 3166; x_wconf 87' lang='lat' dir='ltr'><strong>tutam:</strong></span> <span class='ocrx_word' id='word_1_254' title='bbox 1816 3107 1864 3166; x_wconf 89' lang='lat' dir='ltr'><strong>si</strong></span> <span class='ocrx_word' id='word_1_255' title='bbox 1910 3108 1991 3166; x_wconf 91' lang='lat' dir='ltr'><strong>nil</strong></span> <span class='ocrx_word' id='word_1_256' title='bbox 2032 3108 2106 3167; x_wconf 89' lang='lat' dir='ltr'><strong>sit</strong></span> <span class='ocrx_word' id='word_1_257' title='bbox 2147 3108 2366 3180; x_wconf 91' lang='lat' dir='ltr'><strong>durius,</strong></span> 
     </span>
     <span class='ocr_line' id='line_1_32' title="bbox 317 3198 2369 3276; baseline 0.001 -21"><span class='ocrx_word' id='word_1_258' title='bbox 317 3198 475 3257; x_wconf 85' lang='lat' dir='ltr'><strong>nullo</strong></span> <span class='ocrx_word' id='word_1_259' title='bbox 517 3200 778 3275; x_wconf 87' lang='lat' dir='ltr'><strong>periculo</strong></span> <span class='ocrx_word' id='word_1_260' title='bbox 822 3199 892 3256; x_wconf 88' lang='lat' dir='ltr'><strong>ad</strong></span> <span class='ocrx_word' id='word_1_261' title='bbox 938 3200 1255 3276; x_wconf 88' lang='lat' dir='ltr'><strong>proximam</strong></span> <span class='ocrx_word' id='word_1_262' title='bbox 1301 3199 1589 3276; x_wconf 86' lang='lat' dir='ltr'><strong>legionem</strong></span> <span class='ocrx_word' id='word_1_263' title='bbox 1631 3209 2038 3275; x_wconf 82' lang='lat' dir='ltr'><strong>perventuros3</strong></span> <span class='ocrx_word' id='word_1_264' title='bbox 2082 3199 2130 3257; x_wconf 89' lang='lat' dir='ltr'><strong>si</strong></span> <span class='ocrx_word' id='word_1_265' title='bbox 2177 3200 2369 3257; x_wconf 84' lang='lat' dir='ltr'><strong>Gallia</strong></span> 
     </span>
     <span class='ocr_line' id='line_1_33' title="bbox 317 3290 2369 3366; baseline 0 -19"><span class='ocrx_word' id='word_1_266' title='bbox 317 3290 502 3348; x_wconf 88' lang='lat' dir='ltr'><strong>omnis</strong></span> <span class='ocrx_word' id='word_1_267' title='bbox 529 3310 663 3348; x_wconf 90' lang='lat' dir='ltr'><strong>cum</strong></span> <span class='ocrx_word' id='word_1_268' title='bbox 690 3291 997 3349; x_wconf 85' lang='lat' dir='ltr'><strong>Germanis</strong></span> <span class='ocrx_word' id='word_1_269' title='bbox 1037 3291 1377 3362; x_wconf 89' lang='lat' dir='ltr'><strong>consentiat,</strong></span> <span class='ocrx_word' id='word_1_270' title='bbox 1409 3309 1581 3348; x_wconf 85' lang='lat' dir='ltr'><strong>unam</strong></span> <span class='ocrx_word' id='word_1_271' title='bbox 1622 3309 1748 3349; x_wconf 90' lang='lat' dir='ltr'><strong>esse</strong></span> <span class='ocrx_word' id='word_1_272' title='bbox 1788 3290 1848 3348; x_wconf 92' lang='lat' dir='ltr'><strong>in</strong></span> <span class='ocrx_word' id='word_1_273' title='bbox 1890 3291 2182 3349; x_wconf 88' lang='lat' dir='ltr'><strong>celeritate</strong></span> <span class='ocrx_word' id='word_1_274' title='bbox 2219 3292 2369 3366; x_wconf 85' lang='lat' dir='ltr'><strong>posi·</strong></span> 
     </span>
     <span class='ocr_line' id='line_1_34' title="bbox 316 3382 2365 3457; baseline 0 -18"><span class='ocrx_word' id='word_1_275' title='bbox 316 3393 432 3439; x_wconf 79' lang='lat' dir='ltr'><strong>tam</strong></span> <span class='ocrx_word' id='word_1_276' title='bbox 485 3383 743 3440; x_wconf 88' lang='lat' dir='ltr'><strong>salutem.</strong></span> <span class='ocrx_word' id='word_1_277' title='bbox 830 3382 1014 3440; x_wconf 82' lang='lat' dir='ltr'><strong>Cottae</strong></span> <span class='ocrx_word' id='word_1_278' title='bbox 1061 3383 1289 3457; x_wconf 90' lang='lat' dir='ltr'><strong>quidem</strong></span> <span class='ocrx_word' id='word_1_279' title='bbox 1340 3393 1510 3457; x_wconf 89' lang='lat' dir='ltr'><strong>atque</strong></span> <span class='ocrx_word' id='word_1_280' title='bbox 1565 3401 1783 3452; x_wconf 88' lang='lat' dir='ltr'><strong>eorum,</strong></span> <span class='ocrx_word' id='word_1_281' title='bbox 1828 3382 1927 3457; x_wconf 91' lang='lat' dir='ltr'><strong>qui</strong></span> <span class='ocrx_word' id='word_1_282' title='bbox 1981 3382 2365 3455; x_wconf 88' lang='lat' dir='ltr'><strong>dissentirent,</strong></span> 
     </span>
     <span class='ocr_line' id='line_1_35' title="bbox 317 3473 2367 3549; baseline 0 -19"><span class='ocrx_word' id='word_1_283' title='bbox 317 3474 617 3531; x_wconf 88' lang='lat' dir='ltr'><strong>consilium</strong></span> <span class='ocrx_word' id='word_1_284' title='bbox 648 3493 820 3548; x_wconf 90' lang='lat' dir='ltr'><strong>quem</strong></span> <span class='ocrx_word' id='word_1_285' title='bbox 859 3474 1092 3531; x_wconf 90' lang='lat' dir='ltr'><strong>haberet</strong></span> <span class='ocrx_word' id='word_1_286' title='bbox 1132 3475 1394 3532; x_wconf 71' lang='lat' dir='ltr'><strong>exitum?</strong></span> <span class='ocrx_word' id='word_1_287' title='bbox 1476 3473 1545 3529; x_wconf 93' lang='lat' dir='ltr'><strong>In</strong></span> <span class='ocrx_word' id='word_1_288' title='bbox 1586 3493 1700 3549; x_wconf 91' lang='lat' dir='ltr'><strong>quo</strong></span> <span class='ocrx_word' id='word_1_289' title='bbox 1740 3473 1788 3530; x_wconf 91' lang='lat' dir='ltr'><strong>si</strong></span> <span class='ocrx_word' id='word_1_290' title='bbox 1828 3492 1944 3530; x_wconf 92' lang='lat' dir='ltr'><strong>non</strong></span> <span class='ocrx_word' id='word_1_291' title='bbox 1985 3493 2234 3549; x_wconf 84' lang='lat' dir='ltr'><strong>praesens</strong></span> <span class='ocrx_word' id='word_1_292' title='bbox 2275 3492 2367 3548; x_wconf 89' lang='lat' dir='ltr'><strong>pe-</strong></span> 
     </span>
     <span class='ocr_line' id='line_1_36' title="bbox 317 3563 2368 3642; baseline -0.001 -20"><span class='ocrx_word' id='word_1_293' title='bbox 317 3566 582 3637; x_wconf 91' lang='lat' dir='ltr'><strong>riculum,</strong></span> <span class='ocrx_word' id='word_1_294' title='bbox 629 3576 685 3623; x_wconf 91' lang='lat' dir='ltr'><strong>at</strong></span> <span class='ocrx_word' id='word_1_295' title='bbox 728 3563 885 3622; x_wconf 70' lang='lat' dir='ltr'><strong>certe</strong></span> <span class='ocrx_word' id='word_1_296' title='bbox 927 3566 1241 3642; x_wconf 69' lang='lat' dir='ltr'><strong>longinqua</strong></span> <span class='ocrx_word' id='word_1_297' title='bbox 1285 3566 1586 3624; x_wconf 89' lang='lat' dir='ltr'><strong>obsidione</strong></span> <span class='ocrx_word' id='word_1_298' title='bbox 1639 3564 1819 3623; x_wconf 88' lang='lat' dir='ltr'><strong>fames</strong></span> <span class='ocrx_word' id='word_1_299' title='bbox 1871 3576 2020 3623; x_wconf 90' lang='lat' dir='ltr'><strong>esset</strong></span> <span class='ocrx_word' id='word_1_300' title='bbox 2072 3565 2368 3641; x_wconf 86' lang='lat' dir='ltr'><strong>pertimes-</strong></span> 
     </span>
     <span class='ocr_line' id='line_1_37' title="bbox 317 3657 536 3715; baseline 0.005 -1"><span class='ocrx_word' id='word_1_301' title='bbox 317 3657 536 3715; x_wconf 89' lang='lat' dir='ltr'><strong>cenda.’</strong></span> 
     </span>
    </p>

    <p class='ocr_par' dir='ltr' id='par_1_5' title="bbox 317 3745 2365 4007">
     <span class='ocr_line' id='line_1_38' title="bbox 395 3745 2365 3824; baseline -0.003 -19"><span class='ocrx_word' id='word_1_302' title='bbox 395 3748 595 3806; x_wconf 87' lang='lat' dir='ltr'>XXX.</span> <span class='ocrx_word' id='word_1_303' title='bbox 656 3746 794 3804; x_wconf 91' lang='lat' dir='ltr'><strong>Hac</strong></span> <span class='ocrx_word' id='word_1_304' title='bbox 823 3745 880 3803; x_wconf 91' lang='lat' dir='ltr'><strong>in</strong></span> <span class='ocrx_word' id='word_1_305' title='bbox 910 3751 1219 3823; x_wconf 79' lang='lat' dir='ltr'><strong>‘utramque</strong></span> <span class='ocrx_word' id='word_1_306' title='bbox 1258 3759 1478 3824; x_wconf 88' lang='lat' dir='ltr'><strong>partem</strong></span> <span class='ocrx_word' id='word_1_307' title='bbox 1522 3747 1906 3823; x_wconf 88' lang='lat' dir='ltr'><strong>disputatione</strong></span> <span class='ocrx_word' id='word_1_308' title='bbox 1947 3746 2160 3814; x_wconf 70' lang='lat' dir='ltr'><strong>habita,</strong></span> <span class='ocrx_word' id='word_1_309' title='bbox 2190 3762 2365 3818; x_wconf 89' lang='lat' dir='ltr'><strong>quum</strong></span> 
     </span>
     <span class='ocr_line' id='line_1_39' title="bbox 317 3833 2364 3915; baseline -0.003 -17"><span class='ocrx_word' id='word_1_310' title='bbox 317 3859 353 3898; x_wconf 87' lang='lat' dir='ltr'><strong>a</strong></span> <span class='ocrx_word' id='word_1_311' title='bbox 403 3840 574 3899; x_wconf 66' lang='lat' dir='ltr'><strong>cotta</strong></span> <span class='ocrx_word' id='word_1_312' title='bbox 626 3837 941 3915; x_wconf 86' lang='lat' dir='ltr'><strong>primisque</strong></span> <span class='ocrx_word' id='word_1_313' title='bbox 995 3840 1292 3897; x_wconf 89' lang='lat' dir='ltr'><strong>ordinibus</strong></span> <span class='ocrx_word' id='word_1_314' title='bbox 1349 3840 1556 3896; x_wconf 88' lang='lat' dir='ltr'><strong>acriter</strong></span> <span class='ocrx_word' id='word_1_315' title='bbox 1599 3838 1975 3907; x_wconf 88' lang='lat' dir='ltr'><strong>resisteretur,</strong></span> <span class='ocrx_word' id='word_1_316' title='bbox 2032 3843 2069 3869; x_wconf 75' lang='lat'><strong>‘⁴</strong></span> <span class='ocrx_word' id='word_1_317' title='bbox 2094 3833 2364 3907; x_wconf 86' lang='lat' dir='ltr'><strong>vincite,&#39;&#39;</strong></span> 
     </span>
     <span class='ocr_line' id='line_1_40' title="bbox 318 3925 2325 4007; baseline -0.004 -18"><span class='ocrx_word' id='word_1_318' title='bbox 318 3931 518 4007; x_wconf 89' lang='lat' dir='ltr'><strong>inquit,</strong></span> <span class='ocrx_word' id='word_1_319' title='bbox 550 3936 589 3965; x_wconf 85' lang='lat'><strong>“</strong></span> <span class='ocrx_word' id='word_1_320' title='bbox 610 3930 660 3987; x_wconf 90' lang='lat' dir='ltr'><strong>si</strong></span> <span class='ocrx_word' id='word_1_321' title='bbox 694 3928 777 3986; x_wconf 89' lang='lat' dir='ltr'><strong>ita</strong></span> <span class='ocrx_word' id='word_1_322' title='bbox 803 3929 1023 4001; x_wconf 88' lang='lat' dir='ltr'><strong>vultis,”</strong></span> <span class='ocrx_word' id='word_1_323' title='bbox 1057 3930 1342 3998; x_wconf 86' lang='lat' dir='ltr'><strong>Sabinus;</strong></span> <span class='ocrx_word' id='word_1_324' title='bbox 1388 3940 1444 3986; x_wconf 88' lang='lat' dir='ltr'><strong>et</strong></span> <span class='ocrx_word' id='word_1_325' title='bbox 1489 3931 1545 3985; x_wconf 92' lang='lat' dir='ltr'><strong>id</strong></span> <span class='ocrx_word' id='word_1_326' title='bbox 1595 3928 1835 3984; x_wconf 88' lang='lat' dir='ltr'><strong>clariore</strong></span> <span class='ocrx_word' id='word_1_327' title='bbox 1882 3944 2042 3998; x_wconf 83' lang='lat' dir='ltr'><strong>voce,</strong></span> <span class='ocrx_word' id='word_1_328' title='bbox 2071 3936 2133 3983; x_wconf 91' lang='lat' dir='ltr'><strong>ut</strong></span> <span class='ocrx_word' id='word_1_329' title='bbox 2161 3925 2325 4004; x_wconf 69' lang='lat' dir='ltr'><strong>mag⁰</strong></span> 
     </span>
    </p>
   </div>
  </div>
 </body>
</html>
