2747 4376
325 311 442 358 cn·
501 313 567 358 ι-
591 312 661 374 3.]
1031 284 1256 359 ωΒΕΒ’
1286 308 1685 361 ΒΕουΝουει.
2304 316 2346 374 8
2373 320 2386 369 ι

755 649 896 715 DE
974 650 1351 715 BELLO
1426 650 1955 717 GALLICO

1350 804 1373 831 Χ

1139 894 1416 950 LIBER
1472 896 1570 949 ΙΙ.

405 1084 451 1143 Ι.
503 1085 702 1146 Quum
730 1094 881 1143 esset
907 1085 1101 1143 Caesar
1131 1084 1190 1141 in
1232 1084 1499 1145 citeriore
1538 1085 1728 1145 Gallia
1770 1085 1829 1144 in
1871 1085 2144 1158 hibernis,
2175 1089 2253 1145 ita
2295 1100 2375 1145 uti
2489 1106 2550 1145 ‹i-
2655 1104 2674 1129 ν

324 1175 501 1280 supra
528 1151 1060 1248 demonstravimus,
1089 1177 1276 1253 crebri
1305 1177 1378 1234 ad
1418 1196 1551 1235 eum
1579 1196 1836 1236 rumores
1865 1179 2262 1250 afferebantur,
2292 1180 2380 1238 lit·

327 1269 556 1345 erisque
584 1269 722 1327 item
750 1269 992 1326 Labieni
1021 1270 1232 1327 certior
1260 1269 1433 1327 fiebat
1460 1288 1659 1326 omnes
1688 1270 1915 1346 Belgas,
1945 1289 2116 1365 quam
2152 1271 2379 1329 tertiam
2469 1308 2508 1319 ν

326 1379 455 1418 esse
481 1361 684 1418 Galliae
711 1372 930 1436 partem
958 1361 1301 1432 dixeramus,
1332 1372 1535 1419 contra
1559 1362 1834 1436 populum
1871 1342 2204 1419 Romanum
2246 1382 2381 1419 con-

322 1453 536 1528 jurare,
565 1454 908 1528 obsidesque
935 1453 1082 1510 inter
1111 1471 1172 1510 se
1200 1452 1352 1511 dare.
1439 1453 1793 1528 Conjurandi
1827 1454 1929 1511 has
1971 1473 2098 1512 esse
2139 1473 2376 1512 causas,

325 1545 597 1621 primum,
628 1544 782 1620 quod
810 1556 1158 1616 vererentur,
1189 1564 1282 1616 ne,
1311 1546 1470 1602 omni
1496 1545 1704 1620 pacata
1731 1545 1942 1617 Gallia,
1973 1546 2043 1603 ad
2084 1565 2183 1603 eos
2224 1564 2380 1604 exer·

328 1639 481 1695 citus
527 1649 718 1695 noster
765 1638 1178 1695 adduceretur:
1239 1637 1469 1708 deinde,
1520 1636 1673 1712 quod
1731 1638 1801 1693 ab
1854 1638 2145 1695 nonnullis
2197 1639 2378 1696 Gallis

327 1730 790 1800 sollicitarentur,
818 1731 1023 1806 partim
1061 1730 1179 1803 qui,
1209 1741 1272 1787 ut
1310 1730 1631 1789 Germanos
1671 1730 1887 1787 diutius
1928 1731 1987 1786 in
2027 1731 2218 1788 Gallia
2258 1750 2379 1789 ver-

327 1823 442 1879 sari
491 1823 819 1892 noluerant,
862 1822 941 1879 ita
985 1821 1180 1897 populi
1230 1821 1485 1878 Romani
1539 1822 1852 1879 exercitum
1902 1822 2153 1880 hiemare
2209 1835 2378 1898 atque

328 1915 745 1972 inveterascere
773 1914 832 1971 in
861 1914 1050 1970 Gallis
1079 1912 1315 1971 moleste
1348 1915 1635 1984 ferebant3
1677 1914 1883 1990 partim
1922 1915 2019 1989 qui
2061 1916 2378 1973 mobilitate

327 2017 386 2063 et
413 2006 640 2064 levitate
669 2006 845 2063 animi
872 2006 1034 2063 novis
1064 2005 1315 2081 imperiis
1352 2006 1692 2063 studebant:
1738 2006 1807 2063 ab
1852 2007 2140 2064 nonnullis
2182 2008 2375 2076 etiam,

328 2098 483 2172 quod
513 2099 572 2155 in
605 2099 796 2155 Gallia
840 2118 872 2154 a
910 2098 1326 2173 potentioribus
1369 2109 1538 2172 atque
1580 2099 1686 2170 his,
1717 2098 1814 2172 qui
1859 2099 1928 2155 ad
1969 2099 2379 2158 conducendos

329 2190 589 2249 homines
637 2191 936 2249 facultates
985 2191 1288 2262 habebant,
1337 2190 1508 2267 vulgo
1559 2210 1737 2268 regna
1777 2193 2228 2267 occupabantur,
2277 2194 2375 2268 qui

327 2282 520 2340 minus
548 2282 717 2342 facile
748 2302 876 2341 eam
903 2303 1024 2340 rem
1054 2283 1112 2340 in
1142 2283 1383 2359 imperio
1409 2295 1605 2340 nostro
1633 2283 1908 2357 consequi
1936 2295 2214 2358 poterant.

406 2374 482 2432 II.
538 2375 619 2432 Iis
647 2375 877 2432 nunciis
904 2375 1197 2449 literisque
1240 2387 1559 2433 commotus
1601 2375 1796 2431 Caesar
1837 2375 1978 2431 duas
2018 2376 2276 2452 legiones
2317 2377 2376 2434 in

270 2453 284 2550 ἰ
326 2466 594 2525 citeriore
619 2467 809 2524 Gallia
837 2487 1012 2524 novas
1041 2467 1413 2542 conscripsit3
1457 2478 1513 2524 et
1543 2467 1685 2524 inita
1716 2477 1928 2538 aestate,
1960 2467 2019 2523 in
2048 2468 2376 2525 interiorem

325 2558 575 2616 Galliam
602 2560 699 2634 qui
727 2560 1056 2629 deduceret,
1084 2560 1164 2620 Q..
1195 2559 1438 2616 Pedium
1469 2560 1721 2636 legatum
1764 2559 1934 2616 misit.
2017 2559 2168 2636 Ipse,
2200 2579 2375 2635 quum
2443 2547 2448 2552 ’

324 2649 575 2727 primum
620 2652 813 2728 pabuli
866 2651 1034 2727 copia
1080 2670 1205 2708 esse
1249 2651 1548 2727 inciperet,
1580 2643 1649 2708 all
1697 2652 2011 2709 exercitum
2050 2652 2235 2722 venit3
2279 2653 2372 2711 dat

326 2744 622 2819 negotium
652 2744 977 2801 Senonibus
1006 2744 1354 2820 reliquisque
1381 2744 1582 2814 Gallis,
1606 2744 1705 2818 qui
1726 2744 1952 2800 finitimi
1976 2744 2170 2820 Belgis
2192 2756 2373 2816 erant,

326 2835 410 2892 uti
440 2853 528 2906 ea,
556 2855 682 2910 quae
712 2837 862 2911 apud
889 2855 988 2893 eos
1024 2847 1313 2912 gerantur,
1345 2847 1716 2912 cognoscant,
1746 2855 1921 2911 seque
1962 2837 2034 2893 de
2076 2837 2164 2894 his
2204 2839 2377 2895 rebus

325 2927 629 2985 certiorem
660 2928 888 2985 saciant.
973 2928 1055 2983 Hi
1098 2939 1425 2985 constanter
1467 2948 1665 2985 omnes
1711 2928 2129 2986 nunciaverunt
2172 2948 2376 2986 manus

325 3019 476 3096 cogi,
507 3020 820 3077 exercitum
850 3020 911 3076 in
939 3039 1116 3077 unum
1155 3021 1346 3077 locum
1389 3020 1655 3077 conduci.
1738 3020 1896 3077 Tum
1937 3018 2070 3077 vero
2115 3021 2377 3078 dubitan-

325 3110 460 3168 dum
491 3131 607 3169 non
636 3112 980 3169 existimavit
985 3108 1169 3206 ‚(quin
1199 3109 1268 3168 ad
1298 3131 1397 3169 eos
1430 3110 1801 3187 [duodecimo
1834 3112 1953 3191 die]
1985 3113 2377 3187 proficiscere-

324 3214 437 3286 turg
514 3203 610 3260 Re
639 3204 1010 3263 frumentaria
1047 3204 1300 3279 provisa,-
1322 3216 1511 3261 castra
1550 3216 1757 3265 movet
1786 3204 2102 3278 diebusque
2144 3206 2374 3263 circiter

324 3295 654 3370 quindecim
684 3296 756 3353 ad
782 3296 923 3354 fines
952 3296 1259 3372 Belgarum
1285 3298 1558 3372 pervenit.

398 3386 509 3445 ΙΙΙ.
564 3386 653 3444 Eo
684 3406 861 3462 quum
889 3388 960 3444 de
989 3388 1295 3463 improviso
1321 3387 1682 3463 celeriusque
1710 3388 1866 3445 omni
1894 3389 2165 3463 opinione
2194 3391 2377 3447 venis·

321 3489 425 3550 set,
458 3478 654 3551 Remi,
686 3478 785 3554 qui
810 3480 1054 3555 proximi
1094 3480 1298 3537 Galliae
1340 3499 1411 3537 ex
1451 3480 1646 3556 Belgis
1688 3493 1839 3551 sunt,
1873 3481 1938 3536 ad
1984 3489 2116 3537 eum
2159 3482 2376 3557 legatos

320 3570 546 3627 Iccium
594 3582 651 3627 et
696 3572 1137 3647 Antebrogium,
1165 3572 1382 3646 primos
1428 3573 1693 3642 civitatiS,
1732 3572 2028 3644 miserunt,
2075 3573 2173 3647 qui
2222 3573 2376 3630 dice-

323 3673 448 3719 rent
493 3670 507 3696 ‘
529 3682 589 3720 se
638 3682 857 3738 suaque
905 3664 1099 3720 omnia
1145 3664 1205 3719 in
1252 3663 1425 3719 fidem
1475 3675 1642 3737 atque
1692 3665 1749 3720 in
1792 3675 2130 3738 potestatem
2178 3664 2374 3739 populi

323 3754 577 3811 Romani
605 3756 934 3830 permittere
957 3775 970 3824 ;
1014 3774 1200 3828 neque
1229 3773 1291 3811 se
1320 3773 1455 3811 cum
1483 3754 1677 3831 Belgis
1718 3755 1954 3829 reliquis
1994 3755 2372 3835 consensisse,

322 3866 509 3922 neque
538 3858 739 3904 contra
764 3847 1035 3922 populum
1066 3847 1397 3904 Romanum
1440 3847 1675 3903 omnino
1716 3847 2082 3922 conjurasse:
2126 3857 2375 3922 paratos-

224 3935 285 4018 A<
326 3959 432 4010 que
461 3959 586 3998 esse
615 3951 671 3999 et
699 3940 924 3998 obsides
952 3941 1107 4012 dare,
1137 3952 1194 3998 et
1224 3941 1501 4017 imperata
1529 3940 1737 4010 facere,
1760 3951 1818 3997 et
1845 3940 2069 4015 oppidis
2098 3941 2333 4015 reciper‘
