2747 4376
0 3327 59 3418 .>

371 303 506 354 CA».
537 303 734 368 9-12.]
1128 300 1344 352 LIBER
1386 299 1671 350 PRIMUS.
1861 332 1866 349 ι
1887 332 1902 349 ,
2395 300 2437 358 9

371 445 661 517 studebat,
690 456 750 504 et
784 443 959 521 quam
999 443 1275 521 plurimas
1315 443 1577 502 civitates
1616 461 1724 501 suo
1765 439 2049 499 beneficio
2087 438 2229 498 habe
2237 457 2301 499 re
2339 439 2438 498 ob-

371 538 602 595 strictas
627 537 869 594 volebat.
956 536 1158 611 Itaque
1200 554 1322 594 rem
1364 534 1625 611 suscipit,
1653 544 1713 593 et
1753 552 1787 592 a
1826 531 2112 609 Sequanis
2149 531 2435 609 impetrat,

373 638 437 685 ut
463 647 565 705 per
594 627 738 687 fines
778 647 913 686 suos
955 627 1252 685 Helvetios
1291 628 1376 685 ire
1422 627 1734 703 patiantur,
1764 624 2109 701 obsidesque
2156 622 2240 682 uti
2287 624 2435 683 inter

372 737 500 776 sese
541 719 699 792 dent,
741 719 1005 795 perficit:
1049 718 1325 793 Sequani,
1355 736 1430 776 ne
1471 718 1678 775 itinere
1720 715 2017 774 Helvetios
2054 715 2433 794 prohibeant;

374 809 651 882 Helvetii,
679 821 744 868 ut
770 811 895 868 sine
923 810 1208 867 maleficio
1234 821 1290 866 et
1319 808 1528 886 injuria
1555 818 1864 866 transeant.

453 901 531 959 X.
590 901 804 960 Caesari
850 902 1221 960 renunciatur
1252 898 1550 959 'Helvetiis
1597 918 1724 958 esse
1765 899 1826 957 in
1870 898 2063 957 animo
2099 916 2202 973 per
2233 917 2435 977 agrum

375 993 776 1070 Sequanorum
820 1004 877 1051 et
922 991 1246 1050 AEduorum
1291 992 1400 1050 iter
1441 991 1500 1049 in
1545 992 1869 1050 Santonum
1912 990 2056 1048 fines
2094 990 2305 1062 facere,
2334 990 2434 1066 qui

373 1102 493 1141 non
520 1083 693 1162 longe
725 1103 759 1141 a
783 1083 1147 1142 Tolosatium
1176 1084 1388 1141 finibus
1416 1083 1644 1155 absunt,
1673 1102 1800 1159 quae
1842 1080 2044 1140 civitas
2083 1091 2170 1139 est
2211 1081 2271 1139 in
2307 1100 2436 1157 pro-

374 1175 585 1234 vincia.
667 1175 737 1232 Id
764 1176 814 1233 si
840 1175 1022 1247 fieret,
1052 1174 1409 1253 intelligebat
1435 1193 1649 1253 magno
1675 1193 1811 1232 cum
1836 1172 2148 1250 provinciae
2173 1173 2436 1249 periculo

375 1265 651 1338 flaturum,
681 1277 745 1324 ut
780 1265 1042 1324 homines
1085 1266 1410 1338 bellicosos,
1437 1265 1632 1342 populi
1675 1264 1931 1323 Romani
1973 1264 2261 1336 inimicos,
2288 1263 2434 1323 locis

362 1358 704 1434 patentibus
730 1356 1095 1433 maximeque
1124 1357 1511 1415 frumentariis
1549 1356 1825 1414 finitimos
1864 1355 2115 1414 haberet.
2197 1354 2295 1413 Ob
2334 1372 2434 1414 eas

375 1466 582 1506 causas
626 1448 681 1506 ei
725 1449 1053 1520 munitioni,
1082 1467 1253 1524 quam
1283 1448 1515 1519 fecerat,
1543 1446 1620 1505 T.
1664 1447 1987 1505 Labienum
2015 1447 2267 1524 legatum
2293 1466 2435 1525 prae-

375 1540 546 1598 fecit:
591 1540 713 1616 ipse
739 1540 799 1597 in
825 1539 1055 1597 Italiam
1095 1540 1319 1616 magnis
1360 1539 1665 1596 itineribus
1705 1538 2023 1610 contendit,
2053 1538 2310 1616 duasque
2350 1540 2430 1599 ibi

372 1632 632 1711 legiones
659 1633 1005 1705 conscribit,
1025 1642 1083 1691 et
1108 1645 1243 1703 tres,
1273 1652 1401 1707 quae
1444 1632 1667 1690 circum
1708 1631 2040 1707 Aquileiam
2080 1631 2431 1707 hiemabant,

374 1743 446 1782 ex
472 1724 728 1783 hibernis
754 1725 972 1796 educit,
1001 1735 1078 1797 et,
1107 1723 1221 1800 qua
1246 1723 1572 1800 proximum
1601 1723 1707 1781 iter
1736 1724 1797 1781 in
1825 1723 2153 1782 ulteriorem
2182 1724 2430 1786 Galliam

370 1834 474 1892 per
502 1816 683 1892 Alpes
710 1827 852 1889 erat,
882 1835 1017 1874 cum
1043 1816 1134 1873 his
1160 1817 1415 1891 quinque
1450 1815 1776 1893 legionibus
1818 1815 1902 1873 ire
1942 1815 2255 1875 contendit.
2338 1817 2426 1876 Ibi

373 1906 696 1967 Ceutrones
722 1917 781 1966 et
805 1907 1099 1965 Graioceli
1127 1919 1185 1965 et
1212 1906 1540 1985 Caturiges,
1568 1907 1714 1965 locis
1753 1907 2145 1982 superioribus
2184 1927 2409 1985 occupa

370 1999 466 2072 tis,
523 1999 727 2058 itinere
780 1999 1096 2056 exercitum
1147 1998 1452 2075 prohibere
1495 2010 1793 2057 conantur.
1877 1999 2287 2075 Compluribus
2339 2000 2430 2059 his

368 2090 587 2168 proeliis
631 2089 833 2168 pulsis,
890 2090 962 2148 ab
1003 2088 1210 2162 Oce10,
1254 2091 1407 2166 quod
1448 2102 1535 2149 est
1574 2090 1859 2150 citerioris
1897 2090 2208 2167 provincioe
2248 2102 2430 2150 extre-

370 2202 551 2255 mum,
594 2182 656 2240 in
707 2182 854 2240 fines
905 2180 1323 2240 Vocontiorum
1370 2182 1656 2241 ulterioris
1696 2182 2008 2260 provincias
2050 2182 2146 2241 die
2185 2183 2430 2260 septimo

368 2274 663 2350 pervenit:
706 2273 842 2332 inde
871 2273 931 2331 in
959 2274 1338 2351 Allobrogum
1365 2275 1546 2346 fines3
1592 2276 1663 2332 ab
1691 2274 2103 2352 Allobrogibus
2144 2274 2204 2332 in
2246 2276 2430 2353 Segu-

370 2365 564 2423 sianos
590 2366 906 2452 exercitum
934 2364 1111 2424 ducit.
1196 2365 1277 2423 Hi
1304 2379 1439 2423 sunt
1476 2377 1635 2423 extra
1660 2365 2016 2442 provinciam
2043 2376 2201 2424 trans
2229 2366 2431 2425 Rhod-

373 2476 546 2515 anum
575 2457 760 2534 primi.

452 2548 559 2606 XI.
617 2547 869 2606 Helvetii
919 2547 1039 2624 jam
1091 2565 1194 2624 per
1237 2548 1531 2625 angustias
1570 2558 1628 2605 et
1667 2546 1811 2606 fines
1852 2546 2255 2624 Sequanorum
2294 2568 2429 2609 suas

372 2639 568 2716 copias
593 2640 1050 2710 transduxerant,
1079 2649 1137 2696 et
1165 2638 1226 2696 in
1255 2638 1579 2707 AEduorum
1608 2638 1752 2698 fines
1778 2650 2176 2715 pervenerant,
2205 2658 2458 2699 eorum-.

371 2750 485 2807 que
514 2750 679 2808 agros
703 2730 1138 2807 populabantur.
1223 2730 1424 2802 AEdui,
1453 2750 1631 2806 quum
1660 2749 1723 2790 se
1762 2750 1981 2807 suaque
2023 2731 2094 2789 ab
2136 2732 2206 2790 iis
2233 2732 2430 2792 defen-
2519 2773 2542 2788 ,

370 2823 508 2880 dere
548 2829 689 2880 non‘
708 2833 962 2898 possent,
991 2822 1211 2900 legatos
1258 2821 1329 2881 ad
1372 2821 1664 2880 Caesarem
1705 2823 1938 2880 mittunt
1987 2835 2249 2902 rogatum
2295 2837 2434 2883 auxi

371 2913 534 2971 ilium
561 2932 577 2971 ι
619 2913 737 2970 ‘ita
762 2913 825 2971 s'e
852 2913 1010 2970 omni
1037 2924 1293 2990 tempore
1328 2913 1403 2971 de
1442 2914 1655 2990 populo
1694 2913 1966 2972 Romano
2000 2915 2240 2985 ,meritos
2279 2934 2426 2990 esse,

371 3016 435 3063 ut
462 3023 628 3081 paene
656 3004 716 3063 in
748 3015 1064 3082 conspectu
1092 3004 1380 3063 exercitus
1406 3005 1586 3064 nostri
1616 3006 1737 3083 agri
1764 3005 1991 3077 vastari,
2018 3005 2185 3065 liberi
2227 3025 2426 3067 eorum

370 3097 429 3155 in
458 3097 789 3154 servitutem
819 3096 1050 3168 abduci,
1074 3097 1289 3172 ‚oppida
1308 3097 1623 3174 expugnari
1645 3116 1759 3154 non
1782 3087 2124 3175 debuerint!
2205 3098 2427 3158 Eodem

367 3198 625 3263 tempore
653 3187 834 3246 AEdui
862 3187 1156 3259 Ambarri,
1185 3187 1496 3245 necessarii
1524 3199 1581 3246 et
1622 3175 2037 3267 consanguinei
2079 3189 2426 3264 AEduorum,

369 3280 661 3348 Caesarem
691 3274 996 3336 certiorem
1037 3277 1259 3365 faciunt
1286 3285 1302 3311 ‘
1322 3297 1469 3351 sese,
1497 3279 1854 3357 depopulatis
1893 3281 2067 3357 agris,
2094 3300 2212 3339 non
2254 3281 2425 3340 facile

282 3372 339 3426 ἤ
371 3372 442 3429 ab
470 3370 696 3447 oppidis
722 3369 838 3427 vim
867 3370 1118 3428 hostium
1145 3371 1450 3446 prohibere
1474 3392 1488 3429 ι
1512 3372 1526 3398 ’
1572 3372 1709 3429 item
1739 3372 2101 3451 Allobroges,
2131 3373 2229 3448 qui
2270 3385 2429 3433 trans

371 3462 727 3520 Rhodanum
755 3460 915 3519 vicos
936 3462 1439 3538 possessionesque
1458 3463 1763 3535 habebant,
1789 3464 1925 3540 fuga
1948 3482 2010 3521 se
2039 3464 2109 3522 ad
2138 3465 2426 3524 Goesarem

368 3553 678 3629 recipiunt,
727 3564 785 3611 et
828 3552 1222 3611 demonstrant
1265 3561 1280 3587 ‘
1305 3553 1416 3612 sibi
1463 3566 1667 3630 praeter
1713 3555 1833 3632 agri
1877 3555 2062 3613 solum
2110 3557 2252 3615 nihil
2301 3575 2429 3615 esse

368 3645 610 3720 reliqui!
691 3644 930 3707 Quibus
959 3646 1130 3703 rebus
1160 3645 1443 3703 adductus
1470 3645 1666 3704 Caesar
1695 3667 1810 3704 non
1853 3650 2274 3723 expectandum
2315 3648 2427 3706 sibi

370 3737 588 3808 statuit,
617 3736 756 3793 dum
783 3736 1052 3795 omnibus
1080 3736 1323 3795 fortunis
1343 3737 1633 3795 sociorum
1662 3738 2036 3814 consumptis,
2059 3739 2119 3796 in
2141 3741 2429 3798 Santones

374 3827 626 3889 Helvetii
652 3827 1033 3903 pervenirent.

449 3918 587 3978 XII.
644 3917 890 3976 Flumen
919 3929 1006 3984 est
1034 3920 1203 3991 Arar,
1235 3921 1387 3995 quod
1414 3939 1516 3996 per
1564 3875 1709 3978 lines
1748 3920 2070 3977 AEduorum
2107 3933 2166 3979 et
2213 3921 2429 3996 Sequa-

994 4109 1005 4138 l

732 4115 843 4218 ”1²
918 4153 1039 4209 W,
