2747 4376
370 272 449 333 ω
1027 273 1125 323 οε
1170 273 1406 323 nmmo
1455 274 1776 324 GAmeo
2045 274 2203 338 [cn.
2239 273 2458 323 32-35

370 417 744 492 recepissent,
795 436 1037 492 quorum
1086 418 1297 494 oppida
1349 419 1548 477 omnia
1601 419 1659 476 in
1717 419 1842 494 ejus
1893 428 2178 493 potestate
2231 427 2469 490 essent,

369 527 571 566 omnes
599 509 892 567 cruciatus
919 523 1112 567 essent
1137 510 1501 585 perferendi!

449 599 747 658 XXXIII.
807 600 918 659 His
945 602 1118 660 rebus
1146 603 1417 679 cognitis,
1447 602 1645 660 Caesar
1671 602 1972 659 Gallorum
2003 602 2226 659 animos
2256 602 2468 659 verbis

371 691 749 764 confirmavit,
802 693 1211 768 pollicitusque
1264 705 1350 751 est
1393 701 1408 727 ‘
1433 694 1544 751 sibi
1599 712 1728 751 eam
1782 712 1904 751 rem
1959 712 2114 750 curae
2157 692 2462 750 suturam:

370 803 640 861 magnam
669 803 732 842 se
760 785 973 842 habere
1001 803 1182 860 spem,
1211 796 1269 842 et
1296 785 1584 843 beneficio
1625 804 1732 843 suo
1772 797 1831 844 et
1860 786 2202 842 auctoritate
2233 784 2464 841 adduc-

369 886 492 932 tum
521 876 876 934 Ariovistum
904 877 1078 934 finem
1107 876 1331 954 injuriis
1359 878 1684 935 facturum!
1770 877 1903 934 Hac
1932 878 2194 935 oratione
2224 876 2458 947 habita,

371 968 685 1027 concilium
713 968 948 1039 dimisit,
978 980 1036 1026 et
1064 969 1383 1027 secundum
1413 988 1483 1027 ea
1510 970 1704 1026 multae
1732 988 1824 1027 res
1866 988 1999 1026 eum
2042 968 2458 1037 hortabantur,

370 1078 548 1135 quare
587 1060 698 1118 sibi
740 1079 867 1118 eam
911 1079 1031 1118 rem
1073 1060 1441 1138 cogitandam
1492 1072 1549 1118 et
1598 1060 2024 1136 suscipiendam
2072 1070 2340 1136 putaret3
2392 1059 2457 1116 in

369 1151 589 1227 primis„
618 1152 774 1227 quod
803 1152 1048 1224 AEduos‚
1078 1152 1281 1210 fratres
1308 1149 1889 1230 consanguineosque
1930 1169 2331 1227 saepenumero
2377 1151 2457 1208 ab

370 1255 574 1301 senatu
604 1244 933 1320 appellatos,
964 1244 1023 1300 in
1053 1245 1324 1302 servitute
1354 1255 1526 1318 atque
1569 1244 1629 1301 in
1674 1245 1896 1302 ditione
1936 1243 2167 1301 videbat
2205 1243 2455 1300 Germa-

370 1354 579 1393 norum
606 1336 811 1408 teneri,
841 1355 1156 1410 eorumque
1198 1336 1429 1394 obsides
1471 1354 1598 1394 esse
1640 1335 1791 1412 apud
1835 1336 2189 1393 Ariovistum
2232 1354 2303 1392 ac
2345 1335 2454 1392 Se-

371 1446 592 1502 quanos
646 1428 1036 1505 intelligebat:
1095 1427 1249 1502 quod
1305 1429 1363 1485 in
1421 1438 1583 1485 tanto
1636 1427 1880 1503 imperio
1931 1426 2131 1503 populi
2184 1426 2451 1484 Romani

303 1525 334 1577 k
371 1520 763 1594 turpissimum
809 1520 918 1576 sibi
972 1530 1031 1576 et
1080 1520 1413 1595 reipublicae
1463 1537 1589 1577 esse
1646 1520 2043 1576 arbitrabatur.
2152 1517 2449 1575 Paulatim

373 1622 564 1668 autem
591 1612 912 1668 Germanos
958 1630 1339 1668 consuescere
1382 1611 1658 1669 Rhenum
1698 1602 1964 1682 transire,
1993 1626 2052 1668 et
2096 1606 2156 1668 in
2191 1610 2449 1668 Galliam

372 1721 640 1778 magnam
668 1720 865 1759 eorum
895 1703 1322 1759 multitudinem
1350 1705 1568 1774 venire,
1595 1703 1811 1779 populo
1850 1701 2127 1760 Romano
2160 1702 2450 1778 periculo-

279 1816 326 1863 x<
371 1811 499 1850 sum
541 1793 801 1850 videbat:
845 1812 1032 1867 neque
1070 1794 1178 1851 sibi
1226 1794 1488 1852 homines
1533 1794 1682 1851 feros
1726 1813 1796 1850 ac
1846 1794 2120 1851 barbaros
2167 1804 2449 1868 tempera·

371 1897 530 1942 turos
570 1885 950 1956 existimabat,
993 1886 1152 1959 quin,
1183 1906 1358 1960 quum
1387 1904 1618 1943 omnem
1656 1885 1906 1942 Galliam
1948 1886 2352 1961 occupassent,
2380 1896 2446 1941 ut

373 1974 507 2034 ante
537 1976 760 2033 Cimbri
788 1976 1160 2051 Teutonique
1192 1978 1482 2048 fecissent,
1511 1977 1572 2034 in
1598 1977 1955 2052 provinciam
1999 1977 2243 2047 exirent,
2274 1987 2445 2052 atque

372 2067 508 2126 inde
555 2068 614 2124 in
667 2064 894 2126 Italiam
945 2069 1397 2138 contenderent;
1458 2068 1773 2145 praesertim
1829 2087 2007 2144 quum
2062 2069 2365 2143 Sequanos
2410 2087 2445 2126 a

370 2160 671 2237 provincia
731 2161 926 2219 nostra
984 2160 1307 2220 Rhodanus
1367 2160 1663 2219 divideret.
1745 2161 1985 2223 Quibus
2036 2161 2211 2249 rebus
2268 2159 2439 2237 quam

372 2253 703 2310 maturrime
749 2254 1171 2310 occurrendum
1215 2253 1469 2329 putabat.
1553 2252 1687 2328 Ipse
1729 2264 1921 2311 autem
1962 2253 2292 2310 Ariovistus
2318 2263 2440 2310 tan-

371 2356 461 2402 tos
489 2345 596 2402 sibi
626 2345 877 2420 spiritus,
907 2355 1124 2402 tantam
1155 2344 1535 2420 arrogantiam
1566 2355 1906 2420 sumpserat,
1935 2355 2000 2401 ut
2026 2343 2296 2402 ferendus
2322 2362 2437 2401 non

373 2437 676 2494 videretur.
1893 2421 1911 2436 ⁵

451 2528 741 2586 XXXIV.
796 2529 1197 2590 Quamobrem
1244 2527 1464 2603 placuit
1510 2527 1585 2598 ei,
1615 2537 1679 2585 ut
1720 2528 1793 2584 ad
1835 2527 2193 2586 Ariovistum
2220 2527 2439 2605 legatos

372 2620 640 2691 mitteret,
696 2621 794 2695 qui
841 2621 911 2676 ab
964 2638 1035 2677 eo
1087 2620 1460 2695 postularent,
1512 2601 1593 2677 uti
1645 2620 1895 2694 aliquem
1939 2620 2134 2677 locum
2184 2619 2432 2677 medium

371 2711 669 2798 utriusque
696 2711 985 2784 colloquio
1011 2712 1266 2769 dicer‘et:
1311 2710 1457 2768 velle
1493 2730 1619 2768 sese
1647 2711 1720 2767 de
1762 2711 2062 2787 republica
2104 2721 2162 2769 et
2202 2710 2435 2768 summis

370 2803 668 2876 utriusque
694 2802 865 2859 rebus
893 2821 1027 2859 cum
1055 2821 1127 2859 eo
1155 2820 1340 2878 agere.
1426 2802 1498 2859 Ei
1520 2803 1797 2879 legationi
1840 2803 2167 2874 Ariovistus
2209 2821 2435 2878 respon-

372 2893 456 2950 dit
480 2913 493 2949 :
537 2900 553 2926 ‘
576 2893 641 2950 Si
670 2893 807 2968 quid
836 2893 944 2967 ipsi
976 2913 1007 2949 a
1034 2894 1265 2950 Caesare
1294 2913 1439 2968 opus
1475 2905 1645 2964 esset,
1675 2913 1801 2952 sese
1845 2893 1914 2951 ad
1959 2912 2093 2952 eum
2135 2904 2431 2978 ventprum

203 3015 210 3024 ·
297 3001 352 3050 ἠ.-
373 2985 585 3054 fuisse3
628 2985 678 3042 si
727 2985 864 3058 quid
910 2985 1004 3042 ille
1055 3004 1087 3041 a
1135 3004 1197 3042 se
1246 2986 1402 3046 velit.
1452 2985 1611 3042 illum
1665 2986 1736 3042 ad
1791 3003 1854 3042 se
1907 2986 2104 3043 venire
2156 2996 2428 3061 oportere.

372 3059 659 3134 Praeterea
700 3095 761 3134 se
804 3094 992 3151 neque
1036 3077 1162 3134 sine
1207 3078 1463 3133 exercitu
1510 3078 1567 3134 in
1616 3095 1714 3134 eas
1753 3088 1945 3153 partes
1996 3078 2202 3134 Galliae
2243 3077 2432 3135 venire

374 3169 605 3239 audere,
654 3188 795 3243 quas
839 3169 1034 3225 Caesar
1076 3168 1414 3243 possideret,
1463 3187 1651 3242 neque
1695 3171 2011 3226 exercitum
2055 3170 2180 3226 sine
2229 3187 2432 3245 magno

372 3269 697 3317 commeatu
729 3270 897 3334 atque
925 3259 1295 3317 emolimento
1323 3260 1380 3316 in
1413 3278 1589 3316 unum
1621 3261 1814 3317 locum
1857 3260 2195 3318 contrahere
2236 3279 2424 3335 posse:

372 3352 482 3410 sibi
512 3362 702 3408 autem
731 3351 939 3408 mirum
968 3351 1168 3421 videri,
1200 3351 1337 3426 quid
1366 3352 1426 3408 in
1455 3351 1559 3408 sua
1581 3351 1794 3422 Gallia,
1817 3370 1989 3425 quam
2013 3352 2166 3409 bello
2187 3352 2427 3423 vicisset,

375 3454 472 3501 aut
500 3443 716 3500 Caesari
747 3456 844 3500 aut
871 3443 1108 3499 omnino
1134 3443 1346 3517 populo
1375 3443 1648 3499 Romano
1674 3443 1894 3524 negotii
1931 3445 2118 3501 esset)

454 3535 713 3593 XXXV.
772 3534 884 3591 His
911 3534 1198 3608 responsis
1242 3533 1311 3590 ad
1353 3533 1645 3591 Caesarem
1689 3535 1903 3605 relatis,
1933 3535 2141 3591 iterum
2192 3534 2260 3591 ad
2303 3551 2424 3592 eum

374 3628 568 3686 Caesar
612 3626 828 3703 legatos
876 3644 1007 3682 cum
1051 3625 1140 3681 his
1187 3624 1472 3682 mandatis
1515 3625 1717 3682 mittit:
1762 3625 2115 3696 ‘Quoniam,
2145 3636 2306 3682 tanto
2331 3646 2427 3683 suo

375 3721 683 3797 populique
726 3717 982 3774 Romani
1026 3715 1308 3773 beneficio
1354 3717 1612 3787 affectus,
1657 3735 1833 3791 quum
1884 3717 1945 3773 in
1987 3716 2289 3774 consulatu
2330 3737 2426 3775 suo

377 3831 475 3870 rex
506 3823 674 3887 atque
706 3810 924 3867 amicus
954 3829 986 3867 a
1016 3810 1233 3866 Senatu
1264 3807 1578 3883 appellatus
1607 3819 1774 3878 esset,
1797 3807 1950 3865 hanc
1972 3808 2083 3866 sibi
2110 3808 2424 3885 populoque

379 3903 650 3960 Romano
697 3903 937 3980 gratiam
982 3900 1234 3969 referret,
1284 3909 1344 3955 ut
1396 3898 1451 3954 in
1510 3898 1858 3971 colloquium
1918 3899 2111 3955 venire
2166 3895 2424 3959 invitatui

359 4069 364 4076 ⁶
452 4077 470 4092 ‘l
499 4071 526 4082 (ο
543 4071 550 4080 1

355 4101 390 4132 ,ι
455 4101 464 4114 ,
557 4089 566 4108 s

349 4133 356 4156 =
