2747 4376
348 290 430 350 m
1003 286 1101 337 DE
1144 286 1380 338 BELLO
1426 286 1748 338 GALLICO
2023 288 2184 353 [Cu.
2215 289 2425 339 ⁴5—48.

351 441 529 504 satus,
577 430 650 488 ad
692 429 984 489 Caesarem
1030 430 1305 506 pervenit.
1391 431 1490 489 Ab
1541 449 1614 489 eo
1655 429 1730 489 de
1782 429 2060 507 periculis
2114 430 2426 489 Ciceronis

350 523 710 601 legionisque
757 522 1144 599 cognoscitur.

429 613 649 674 XLVI.
704 613 923 685 Caesar,
954 612 1209 689 acceptis
1247 612 1432 671 literis
1471 613 1614 671 hora
1655 612 1891 671 circiter
1932 612 2246 671 undecima
2280 612 2425 684 diei,

349 705 542 764 statim
568 704 851 766 nuncium
878 704 939 762 in
968 703 1306 762 Bellovacos
1334 704 1406 761 ad
1428 702 1512 761 M.
1543 704 1820 762 Crassum
1849 715 2192 780 quaestorem
2222 703 2426 777 mittit,

351 796 518 873 cujus
571 797 815 860 hiberna
863 795 1101 854 aberant
1149 795 1222 858 ab
1268 813 1341 853 eo
1395 795 1576 854 millia
1627 815 1902 872 passuum
1956 795 2157 854 XXV.
2241 795 2425 854 Jubet

349 889 543 948 media
596 898 768 947 nocte
820 887 1110 965 legionem
1156 886 1467 962 proficisci,
1524 887 1904 963 celeriterque
1959 887 2031 945 ad
2085 905 2149 946 se
2201 888 2421 947 venire.

350 978 508 1040 Exiit
554 999 689 1038 cum
733 978 952 1038 nuncio
969 978 1250 1046 ‚Crassus
1334 978 1602 1037 Alterum
1647 980 1719 1037 ad
1764 979 1834 1038 C.
1878 978 2128 1062 F-abium
2162 979 2420 1058 legatum

350 1070 543 1144 mittit,
573 1081 637 1130 ut
663 1071 724 1129 in
753 1070 1123 1130 Atrebatium
1164 1069 1309 1128 fines
1355 1070 1646 1148 legionem
1690 1071 1959 1142 adducat,
1989 1068 2106 1146 qua
2147 1071 2260 1129 sibi
2309 1071 2420 1130 iter

350 1163 681 1221 faciendum
724 1164 961 1222 sciebat.
1045 1162 1265 1222 Scribit
1312 1162 1594 1235 Labieno,
1638 1163 1688 1221 si
1728 1163 2061 1239 reipublicae
2111 1164 2421 1222 commodo

349 1255 539 1314 facere
564 1266 775 1332 posset,
805 1276 939 1314 cum
967 1256 1197 1333 legione
1225 1255 1297 1312 ad
1325 1255 1469 1313 fines
1489 1254 1840 1313 Nerviorum
1863 1254 2088 1313 veniat:
2132 1254 2416 1331 reliquam

345 1358 567 1423 partem
595 1348 905 1420 exercitus,
935 1345 1092 1423 quod
1117 1346 1291 1423 paulo
1323 1348 1521 1405 aberat
1545 1346 1797 1425 longius,
1826 1366 1944 1405 non
1976 1357 2141 1425 putat
2180 1366 2419 1424 exspec-

347 1440 620 1511 tandam3
678 1440 902 1515 equites
950 1439 1182 1498 circiter
1230 1439 1684 1517 quadringentos
1725 1458 1796 1497 ex
1836 1439 2115 1516 proximis
2159 1439 2416 1498 hibernis

346 1531 519 1607 cogit.

403 1621 675 1680 XLVII.
733 1621 897 1680 Hora
945 1621 1179 1680 circiter
1222 1621 1393 1680 tertia
1438 1622 1510 1679 ab
1567 1622 2034 1680 antecursoribus
2088 1623 2161 1681 de
2214 1623 2412 1681 Crassi

348 1712 593 1776 adventu
621 1713 830 1770 certior
860 1712 1065 1783 factus,
1094 1731 1166 1771 eo
1208 1712 1303 1771 die
1351 1713 1533 1770 millia
1572 1732 1847 1789 passuum
1890 1714 2097 1791 viginti
2139 1715 2413 1792 progred-

345 1803 476 1862 itur.
561 1803 837 1882 Crassum
866 1804 1283 1875 Samarobrivae
1310 1804 1572 1880 praeficit,
1600 1805 2003 1883 legionemque
2033 1806 2087 1863 ei
2131 1805 2410 1879 attribuit,

345 1893 501 1970 quod
530 1895 610 1953 ibi
639 1896 1049 1970 impedimenta
1075 1895 1385 1967 exercitfiS‚
1415 1896 1645 1953 obsides
1686 1896 2005 1969 civitatum,
2035 1898 2237 1955 literas.
2267 1898 2414 1974 pub-

342 1986 488 2045 licas
535 1987 1000 2061 frumentumque
1047 2005 1239 2059 omne,
1288 1988 1443 2062 quod
1485 1985 1557 2045 eo
1612 1988 1923 2046 tolerandae
1972 1988 2179 2047 hiemis
2231 1975 2410 2048 causa

343 2078 668 2150 devexerat,
714 2077 1089 2153 relinquebat.
1174 2078 1414 2151 Fabius,
1470 2090 1536 2137 ut
1584 2075 1922 2155 imperatum
1968 2091 2110 2152 erat,
2163 2100 2280 2139 non
2328 2081 2410 2139 ita

341 2169 591 2230 multum
627 2181 900 2243 moratus,
931 2169 991 2228 in
1036 2170 1244 2229 itinere
1287 2190 1422 2228 cum
1467 2170 1697 2250 legione
1736 2171 2008 2230 occurrit.
2093 2161 2407 2246 Labienus,

341 2263 574 2322 interitu
627 2263 831 2323 Sabini
870 2273 929 2321 et
971 2263 1133 2321 caede
1180 2263 1507 2336 cohortium
1554 2263 1810 2341 cognita,
1869 2284 2043 2340 quum
2093 2284 2292 2322 omnes
2335 2265 2407 2322 ad

339 2375 474 2415 eum
521 2356 897 2414 Trevirorum
942 2354 1124 2430 copiae
1172 2354 1484 2426 venissent,
1527 2356 1759 2427 veritus,
1801 2374 1895 2428 ne,
1939 2356 1987 2413 si
2033 2375 2104 2413 ex
2148 2356 2406 2415 hibernis

339 2448 490 2525 sugoe
520 2448 767 2506 similem
793 2446 1212 2523 profectionem
1242 2445 1493 2517 fecisset,
1522 2446 1771 2504 hostium
1801 2447 2078 2523 impeturn
2119 2444 2406 2507 sustinere

338 2558 461 2615 non¹
481 2551 694 2616 posset,
722 2538 1037 2616 praesertim
1068 2557 1212 2612 quos
1242 2538 1462 2595 recenti
1492 2538 1733 2596 victoria
1762 2539 1951 2596 efferri
1988 2539 2181 2611 sciret,
2208 2539 2406 2598 literas

338 2631 558 2689 Caesari
606 2631 866 2702 remittit,
916 2641 1134 2706 quanto
1180 2649 1313 2687 cum
1367 2630 1630 2706 periculo
1681 2630 1968 2708 legionem
2022 2649 2094 2689 ex
2147 2630 2405 2691 hibernis

336 2722 653 2780 educturus
680 2732 868 2780 esset:
911 2741 1033 2780 rem
1061 2733 1281 2799 gestam
1312 2722 1372 2779 in
1416 2723 1786 2780 Eburonibus
1824 2723 2166 2798 perscribit:
2209 2723 2404 2796 docet,

337 2832 539 2871 omnes
592 2813 880 2888 equitatus
920 2813 1324 2889 peditatusque
1379 2815 1575 2891 copias
1628 2814 2004 2872 Trevirorum
2058 2815 2170 2872 tria
2221 2810 2426 2873 millia*

334 2924 606 2983 passuum
636 2904 809 2982 longe
841 2907 911 2962 ab
940 2905 1059 2963 suis
1088 2906 1292 2964 castris
1319 2906 1665 2964 consedisse.

415 2996 696 3056 XLVIII.
753 2997 968 3069 Caesar,
998 2997 1245 3056 consilio
1284 2998 1408 3074 ejus
1447 2998 1705 3073 probam,
1744 2997 1872 3070 etsi,
1913 2997 2187 3073 opinione
2224 2999 2398 3057 trium

334 3089 628 3166 legionum
678 3089 956 3165 dejectuS,
1001 3090 1072 3147 ad
1119 3090 1263 3147 duas
1308 3089 1578 3161 redierat,
1606 3100 1799 3146 tamen
1848 3109 2028 3146 unum
2073 3090 2399 3148 communis

334 3181 535 3238 salutis
562 3181 837 3239 auxilium
866 3181 926 3238 in
955 3181 1249 3240 celeritate
1288 3181 1555 3255 ponebat.
1580 3184 1589 3193 ‘
1638 3180 1816 3238 Venit
1843 3180 2067 3257 magnis
2096 3181 2401 3239 itineribus

334 3272 396 3330 in
422 3272 770 3332 Nerviorum
796 3274 957 3331 fines,
1040 3272 1131 3330 Ibi
1160 3291 1232 3331 ex
1267 3272 1509 3349 captivis
1537 3272 1856 3350 cognoscit,
1886 3291 2013 3348 quae
2046 3273 2194 3348 apud
2226 3273 2393 3332 Cice-

333 3383 532 3423 ronem
574 3376 864 3441 gerantur,
894 3375 1224 3440 quantoque
1271 3364 1331 3422 in
1358 3364 1620 3440 periculo
1658 3383 1749 3422 res
1789 3364 1878 3422 sit.
1961 3364 2121 3421 Tum
2164 3364 2396 3424 cuidam

333 3474 406 3514 ex
432 3451 720 3531 equitibus
746 3457 931 3514 Gallis
958 3457 1184 3534 magnis
1210 3457 1461 3534 praemiis
1487 3457 1813 3533 persuadet,
1836 3455 1920 3513 uti
1948 3457 2019 3513 ad
2047 3456 2393 3515 Ciceronem

333 3547 632 3623 epistolam
660 3548 895 3606 deferat.
979 3548 1154 3607 Hanc
1180 3549 1402 3607 Graecis
1443 3548 1830 3624 conscriptam
1857 3548 2038 3606 literis
2066 3548 2260 3620 mittit,
2291 3567 2388 3621 ne,

319 3639 652 3715 ‘intercepta
699 3640 959 3716 epistola,
988 3652 1185 3699 nostra
1232 3641 1303 3698 ab
1353 3641 1614 3699 hostibus
1661 3639 1905 3698 consilia
1951 3651 2390 3717 cognoscantur.

334 3731 399 3788 Si
430 3731 586 3790 adire
610 3751 728 3789 non
754 3733 953 3808 possit,
984 3743 1197 3804 monet,
1228 3742 1292 3790 ut
1317 3732 1597 3808 tragulam
1628 3750 1763 3788 cum
1805 3730 2048 3807 epistolii
2091 3732 2162 3788 ad
2205 3751 2395 3806 amen-

330 3839 453 3881 tum
503 3822 751 3898 deligata
801 3823 951 3881 intra
995 3823 1345 3881 munitiones
1389 3832 1704 3879 castrorum
1763 3822 2015 3897 abjiciat.
2098 3822 2169 3879 In
2211 3823 2395 3883 literis
