2747 4376
332 302 442 360 ιω
953 297 1048 345 m:
1096 295 1326 345 senno
1377 296 1695 346 GAmAco
2022 291 2167 362 [civ
2216 298 2393 358 76,7·:.

327 441 549 518 imperii
579 441 837 499 traditur.
924 440 1036 498 His
1077 440 1285 499 delecti
1328 459 1399 498 ex
1443 441 1770 498 civitatibus
1814 442 2231 510 attribuuntur,
2262 460 2397 515 quo-

326 552 451 590 rum
481 532 724 591 consilio
753 532 963 591 bellum
994 533 1501 598 administraretur.
1586 534 1805 590 Omnes
1830 534 2051 590 alacres
2080 545 2138 590 et
2171 533 2399 589 fiduciae

326 625 480 702 pleni
511 626 581 682 ad
611 625 865 682 Alesiam
894 625 1370 700 proficiscuntur:
1415 644 1603 699 neque
1631 636 1752 682 erat
1780 625 2037 681 omnium
2070 625 2397 699 quisquam,

326 717 423 791 qui
454 727 747 792 aspectum
776 716 947 774 modo
976 726 1149 773 tantae
1177 716 1564 773 multitudinis
1598 717 1868 773 sustineri
1897 706 2066 792 posse
2097 717 2403 772 arbitrare-

325 820 448 877 tur;
517 809 830 883 praesertim
888 808 1122 883 ancipiti
1192 808 1416 883 proelio,
1472 827 1647 882 quum
1702 826 1770 865 ex
1826 808 2039 883 oppido
2092 806 2400 882 eruptione

325 912 694 977 pugnaretur,
740 898 876 957 foris
930 910 1103 956 tantae
1157 900 1339 976 copiae
1365 901 1685 975 ‘equitatus
1736 899 2142 976 peditatusque
2198 916 2400 956 cerne-

325 1002 538 1050 rentur.

405 1081 718 1141 LXXVII.
804 1083 886 1141 At
940 1083 1003 1155 ii,
1052 1083 1151 1158 qui
1199 1083 1415 1141 Alesiae
1461 1083 1895 1155 obsidebantur,
1939 1086 2228 1160 praeteritii
2277 1085 2394 1157 die,

326 1177 441 1252 qua
469 1195 702 1234 suorum
746 1176 959 1234 auxilia
998 1186 1488 1253 exspectaverant,
1519 1185 1861 1251 consumpto
1896 1177 2052 1234 omni
2088 1177 2392 1248 frumentO,

329 1268 519 1340 inscii,
548 1269 684 1344 quid
729 1269 788 1326 in
827 1268 1035 1326 AEduis
1075 1278 1391 1345 gereretur,
1421 1267 1675 1325 concilio
1715 1280 1941 1335 coacte,
1973 1269 2046 1326 de
2087 1270 2242 1327 exitu
2287 1270 2396 1327 sor-

328 1374 597 1418 tunarum
624 1380 855 1418 suarum
887 1360 1307 1418 consultabant.
1394 1359 1568 1435 Apud
1602 1378 1744 1434 quos
1774 1359 1944 1417 variis
1971 1360 2143 1418 dictis
2169 1373 2396 1419 senten·

328 1453 445 1524 tiis,
494 1472 736 1528 quarum
790 1471 923 1528 pars
976 1451 1349 1523 deditionem,
1405 1470 1556 1526 pars,
1612 1452 1748 1507 dum
1804 1452 1954 1523 vires
2007 1464 2393 1529 suppeterent,
2428 1437 2441 1444 ’

330 1546 687 1620 eruptionem
730 1544 1061 1614 censebant,
1093 1563 1208 1600 non
1248 1543 1649 1620 praetereunda
1689 1543 1912 1601 videtur
1953 1544 2140 1602 oratio
2170 1544 2395 1622 Critog-

331 1636 469 1708 nati,
498 1647 728 1712 propter
769 1636 894 1711 ejus
933 1635 1281 1713 singularem
1321 1654 1390 1693 ac
1427 1635 1706 1692 nefariam
1749 1636 2165 1693 crudelitatem.
2254 1635 2394 1706 Hic,

329 1746 556 1785 summo
594 1727 650 1784 in
683 1727 960 1784 Arvernis
1000 1737 1160 1784 ortus
1200 1727 1349 1798 1600,
1384 1738 1441 1784 et
1485 1745 1707 1804 magnae
1749 1727 1979 1785 habitus
2021 1728 2394 1799 auctoritatis,

330 1818 591 1888 “nihil,”
637 1818 843 1892 inquit,
888 1818 1020 1876 “de
1061 1837 1259 1876 eorum
1303 1819 1589 1876 sententia
1639 1819 1899 1876 dicturus
1953 1838 2100 1891 sum,
2143 1821 2239 1894 qui
2283 1832 2397 1877 tur·

330 1911 621 1988 pissimam
674 1910 1003 1968 servitutem
1060 1911 1368 1969 deditionis
1411 1911 1645 1968 nomine
1688 1911 2004 1987 appellant3
2063 1930 2250 1986 neque
2293 1912 2399 1970 hos

329 2002 624 2061 habendos
666 2002 881 2059 civium
921 2002 1072 2074 loc0,
1102 2021 1291 2078 neque
1322 2002 1392 2060 ad
1422 2002 1735 2060 concilium
1781 2003 2138 2060 adhibendos
2167 2021 2394 2061 censeo,

329 2092 481 2151 Cum
540 2093 609 2151 iis
649 2093 790 2151 mihi
845 2109 936 2151 res
989 2095 1082 2165 sit,
1132 2095 1229 2169 qui
1285 2094 1645 2170 eruptionem
1698 2095 1975 2170 probant:
2037 2114 2280 2171 quorum
2334 2095 2397 2153 in

330 2186 594 2258 consili0,
634 2185 890 2244 omnium
932 2187 1182 2245 vestrum
1225 2206 1532 2259 consensu,
1575 2187 1829 2263 pristinae
1872 2187 2123 2245 residere
2173 2187 2400 2246 virtutis

276 2262 296 2276 ’
331 2279 611 2337 memoria
639 2280 878 2337 videtur.
963 2278 1165 2337 Animi
1195 2289 1281 2336 est
1311 2279 1421 2337 ista
1447 2279 1735 2350 mollities,
1764 2298 1881 2336 non
1916 2280 2112 2349 virtuS,
2144 2280 2398 2355 mopiam

329 2372 619 2448 paulisper
652 2371 797 2429 ferre
827 2391 939 2428 non
969 2388 1151 2447 posse.
1233 2370 1360 2431 Qui
1391 2390 1453 2428 se
1482 2372 1633 2428 ultro
1664 2371 1833 2428 morti
1876 2371 2135 2440 offerant,
2169 2369 2400 2428 facilius

332 2465 712 2539 reperiuntur,
755 2462 928 2538 quam
970 2462 1067 2536 qui
1111 2462 1366 2519 dolorem
1415 2463 1695 2538 patienter
1753 2463 1952 2519 ferant.
2039 2463 2233 2536 Atque
2287 2481 2401 2539 ego

333 2555 484 2611 hanc
540 2555 882 2612 sententiam
937 2555 1259 2630 probarem,
1292 2555 1454 2629 (nam
1515 2554 1663 2630 apud
1722 2573 1813 2611 me
1868 2565 2088 2611 tantum
2145 2553 2400 2631 dignitas

331 2650 567 2725 potest,)
584 2647 632 2704 si
654 2647 870 2703 nullam
892 2658 1271 2721 praeterquam
1291 2646 1420 2702 vitae
1438 2657 1644 2702 nostra?
1661 2646 1942 2722 jacturam
1965 2646 2084 2703 fieri
2107 2645 2361 2702 viderem
2381 2665 2395 2715 ;
2464 2667 2469 2671 ·

332 2737 434 2794 sed
463 2737 521 2794 in
552 2737 796 2794 consilio
836 2736 1120 2811 capiendo
1160 2755 1390 2794 omnem
1418 2729 1665 2794 Galliam
1695 2738 2091 2813 respiciamus,
2123 2756 2292 2812 quarn
2326 2737 2397 2794 ad

332 2839 590 2884 nostrum
661 2827 934 2884 auxilium
1004 2829 1438 2886 concitavimus,
1535 2828 1722 2900 Quid,
1781 2829 2075 2886 hominum
2147 2829 2400 2887 millibus

332 2919 571 2977 LXXX
641 2938 758 2975 uno
823 2919 955 2975 loco
1023 2919 1359 2990 interfectiS,
1429 2914 1766 2996 propinquis
1834 2921 2399 2997 consanguineisque

332 3011 541 3069 nostris
598 3011 770 3068 animi
830 3012 949 3068 sore
1004 3012 1360 3083 existimatis,
1393 3013 1438 3070 si
1495 3032 1658 3089 paene
1716 3014 1771 3070 in
1831 3013 1965 3089 ipsis
2020 3012 2400 3070 cadaveribus

330 3103 534 3180 proelio
554 3103 849 3161 decertare
871 3106 1190 3181 cogentur'l
1261 3103 1460 3163 Nolite
1483 3106 1586 3163 hos
1615 3117 1800 3162 vestro
1828 3104 2039 3161 auxilio
2059 3103 2398 3179 exspoliare,

333 3195 430 3271 qui
488 3207 686 3253 vestrae
741 3197 940 3253 salutis
995 3198 1171 3254 causa
1227 3216 1393 3255 suum
1449 3197 1769 3272 periculum
1832 3196 2214 3273 neglexerint;
2286 3214 2401 3254 nec

332 3288 574 3346 stultitia
620 3308 686 3345 ac
729 3290 1050 3346 temeritate
1104 3290 1310 3359 vestra,
1343 3300 1440 3346 aut
1494 3288 1885 3345 imbecillitate
1942 3288 2136 3358 animi,
2165 3306 2400 3345 omnem

333 3379 578 3437 Galliam
621 3392 981 3455 prosternere
1010 3393 1065 3438 et
1093 3383 1381 3457 perpetuae
1422 3380 1679 3437 servituti
1724 3379 2008 3436 addicere.
2096 3380 2210 3450 An,
2239 3378 2399 3454 quod

336 3472 403 3529 ad
435 3472 588 3529 diem
631 3492 744 3529 non
789 3484 1085 3542 venerunt,
1118 3474 1188 3529 de
1230 3491 1428 3528 eorum
1459 3471 1571 3528 fide
1602 3471 2040 3544 constantiaque
2082 3470 2398 3528 dubitatis?

332 3564 498 3626 Quid
516 3565 692 3640 ergo?
776 3564 1074 3622 Romanos
1100 3565 1155 3620 in
1181 3564 1291 3621 illis
1315 3563 1683 3619 ulte-rioribus
1708 3562 2133 3619 munitionibus*
2146 3562 2399 3620 animine

334 3657 510 3713 causa
541 3658 796 3731 quotidie
824 3657 1079 3714 exerceri
1106 3655 1362 3730 putatis?
1447 3655 1512 3711 Si
1545 3655 1768 3711 illorum
1808 3654 2041 3711 nunciis
2070 3653 2398 3712 confirmari

334 3736 746 3823 non⁸potesti5,
777 3743 942 3803 omni'
979 3747 1133 3802 aditu
1175 3757 1475 3820 praeseptO,
1507 3746 1577 3801 iis
1618 3745 1846 3801 utimini
1889 3746 2150 3817 testibuS,
2196 3764 2397 3820 appro-

333 3838 611 3911 pinquare
666 3856 861 3893 eorum
925 3835 1249 3904 adventum,
1294 3835 1462 3908 cujus
1517 3835 1600 3891 rei
1654 3835 1860 3892 timore
1921 3837 2204 3907 exterriti,
2239 3836 2395 3893 diem

338 3939 678 4001 noctemque
722 3927 777 3981 in
820 3943 992 3999 opere
1034 3938 1344 3981 versantur.
1427 3924 1594 3985 Quid
1636 3943 1775 4005 ergo
1816 3926 1929 3981 mei
1984 3926 2210 3983 consilii
2263 3926 2394 3983 est?
