2747 4376
333 296 450 362 ιη
983 294 1083 345 ns
1126 292 1362 344 santo
1408 292 1725 343 camno
1988 292 2156 366 [on.
2189 293 2384 365 M
2418 267 2425 273 ’

330 438 455 515 ipse
483 438 676 500 animo
713 456 832 497 non
873 437 1183 509 defecerat,
1212 447 1376 495 tanto
1416 446 1656 512 accepto
1697 435 2084 508 incommodo,
2110 453 2303 511 neque
2329 452 2391 493 se

331 530 390 588 in
438 531 734 590 occultum
759 530 1095 599 abdiderat,
1150 539 1210 586 et
1262 538 1639 604 conspectum
1691 527 2076 585 multitudinis
2129 528 2390 605 fugerat:

330 623 573 700 plusque
602 621 795 679 animo
828 621 1129 697 providere
1167 630 1227 679 et
1263 619 1599 697 praesentjre
1638 618 2090 692 existimabatur,
2118 618 2300 694 quod,
2327 637 2393 676 re

334 712 578 794 integra,
606 711 792 790 primo
833 712 1262 771 incendendum
1302 711 1640 782 Avaricum,
1668 708 1800 786 post
1838 709 2217 767 deserendum
2254 728 2392 770 cen-

331 814 539 863 suerat.
622 803 827 880 Itaque
853 814 917 861 ut
933 803 1292 878 reliquorum
1321 803 1728 879 imperatorum
1755 820 1847 860 res
1874 801 2123 859 adversar
2164 813 2395 860 auctot-

332 895 530 956 itatem
572 896 859 967 minuunt,
902 895 992 953 sic
1040 895 1210 972 hujus
1249 913 1323 953 ex
1369 893 1660 952 contrario
1707 893 1977 971 dignitas,
2003 891 2392 952 ,incommodo

333 997 592 1062 acceptO,
649 987 709 1045 in
763 986 889 1044 dies
943 987 1290 1064 augebatur:
1347 985 1520 1044 simul
1576 986 1636 1044 in
1690 1003 1849 1061 spem
1902 984 2211 1043 veniebant
2262 984 2390 1061 ejus

333 1077 726 1149 affirmatione,
776 1077 849 1135 de
896 1077 1132 1153 reliquis
1179 1077 1560 1154 adjungendis
1605 1076 1968 1147 civitatibus·;
2022 1074 2388 1153 primumque

331 1186 404 1228 eo
428 1180 686 1245 tempore
712 1169 864 1227 Galli
895 1179 1084 1227 castra
1111 1169 1336 1226 munire
1379 1169 1768 1239 instituerunt,
1796 1177 1855 1225 et
1893 1168 1981 1226 sic
2019 1177 2154 1225 sunt
2193 1167 2387 1225 animo

333 1260 681 1321 consternati
713 1261 974 1318 homines
1016 1260 1224 1318 insueti
1267 1260 1499 1336 laboriS,
1529 1271 1592 1318 ut
1631 1260 1845 1331 omnia,
1873 1278 2001 1335 quae
2043 1259 2382 1336 imperaren-

330 1362 443 1423 tur,
472 1352 579 1410 sibi
609 1351 881 1428 patienda
906 1363 963 1410 et
988 1351 1328 1427 perferenda
1354 1351 1760 1409 existimarent.
2190 1355 2195 1358 ’

408 1443 645 1504 XXXI.
701 1443 836 1501 Nec
863 1442 1075 1514 minus,
1106 1441 1280 1518 quam
1322 1453 1405 1500 est
1444 1442 1757 1522 pollicitae,
1783 1441 2225 1519 Vercingetorix
2266 1442 2387 1500 ani-

331 1552 428 1595 mo
468 1535 783 1606 laborabat,
842 1546 903 1592 ut
945 1535 1193 1610 reliquas
1246 1533 1508 1592 civitates
1556 1533 1907 1611 adjungeret,
1964 1545 2132 1610 atque
2184 1552 2384 1592 earum

329 1626 620 1710 principes
660 1626 827 1684 donis
865 1626 1491 1702 pollicitationibusque
1540 1625 1843 1683 alliciebat.
1928 1624 2088 1682 Huic
2135 1625 2237 1683 rei.
2265 1624 2385 1683 ido-

329 1737 472 1794 neos
499 1717 760 1776 homines
787 1718 1096 1795 deligebat,
1123 1736 1364 1794 quorum
1401 1717 1643 1793 quisque
1685 1727 1783 1774 aut
1821 1715 2079 1775 oratione
2118 1716 2382 1790 subdoli,

334 1820 431 1870 aut
479 1809 733 1866 amicitia
780 1808 1051 1868 facillime
1096 1809 1226 1885 capi
1273 1819 1467 1885 posset
1582 1807 1709 1889 Qui
1754 1807 2008 1866 Avarico
2058 1818 2387 1885 expugnato

331 1901 678 1979 refugerant,
711 1900 1011 1959 armandos
1036 1899 1474 1975 vestiendosque
1496 1910 1676 1958 curat.
1759 1899 1965 1970 Simul,
1988 1909 2051 1957 ut
2074 1899 2385 1957 deminuta}

333 1990 514 2068 copiae
572 1990 1116 2068 redintegrarentur,
1179 1992 1422 2069 imperat
1480 2004 1701 2049 certum
1766 2009 2068 2049 numerum
2135 1990 2382 2049 militum

333 2081 679 2154 civitatibus,
713 2101 884 2158 quern
927 2094 986 2141 et
1023 2102 1194 2159 quam
1245 2094 1378 2141 ante
1425 2083 1578 2141 diem
1624 2083 1681 2140 in
1727 2093 1914 2140 castra
1959 2081 2167 2139 adduci
2208 2082 2385 2153 velit;

219 2198 238 2211 «
332 2173 768 2250 sagittariosque
814 2195 1033 2247 ornnes,
1078 2194 1321 2251 quorum
1369 2185 1491 2233 erat
1539 2194 1885 2252 permagnus
1941 2174 2000 2232 in
2046 2173 2236 2232 Gallia
2280 2193 2386 2232 nu-

331 2283 541 2338 merus,
572 2267 834 2342 conquiri
875 2277 934 2325 et
979 2268 1050 2325 ad
1093 2286 1156 2325 se
1199 2267 1347 2325 mitti
1389 2267 1569 2343 jubet.
1654 2266 1764 2323 His
1807 2266 1977 2329 rebus
2013 2266 2274 2323 celeriter
2303 2265 2384 2338 id,

331 2358 484 2433 quod
512 2359 748 2417 Avarici
770 2359 1108 2436 deperierat,
1137 2359 1411 2435 expletur.
1495 2357 1731 2416 Interim
1754 2356 2157 2428 Teutomatus,
2185 2356 2387 2415 Ollov-

331 2448 517 2508 iconis
555 2450 725 2523 filius,
766 2469 868 2509 rex
906 2450 1320 2527 Nitiobrigum,
1362 2448 1528 2526 cujus
1573 2460 1732 2525 pater
1784 2449 1855 2505 ab
1911 2449 2131 2506 Senatu
2186 2459 2385 2507 nostro

333 2541 553 2599 amicus
579 2553 702 2600 erat
728 2542 1062 2618 appellatus,
1091 2561 1224 2599 cum
1253 2560 1464 2618 magno
1491 2541 1746 2616 equitum
1775 2558 2009 2597 suorum
2036 2557 2295 2612 numero,
2325 2550 2386 2599 et

330 2651 472 2707 quos
500 2651 572 2691 ex
599 2633 914 2708 Aquitania
945 2634 1316 2704 conduxerat,
1347 2632 1419 2689 ad
1448 2650 1580 2689 eum
1605 2631 1880 2708 pervenit.

407 2722 674 2781 XXXII.
731 2723 947 2795 Caesar,
990 2723 1226 2781 Avarici
1268 2722 1592 2798 complures
1625 2723 1749 2780 dies
1797 2732 2203 2794 commoratuS,
2230 2742 2385 2781 sum-

329 2831 596 2889 mamque
640 2813 721 2872 ibi
774 2814 998 2890 copiam
1054 2814 1323 2871 frumenti
1379 2823 1438 2871 et
1489 2813 1694 2888 reliqui
1747 2813 2103 2871 commeatus
2155 2802 2382 2887 nactus,

330 2906 646 2963 exercitum
687 2924 759 2963 ex
797 2904 992 2962 labore
1042 2916 1209 2980 atque
1254 2905 1449 2981 inopia
1495 2904 1714 2963 refecit.
1797 2904 1833 2961 J
1840 2923 1930 2962 arn
1971 2923 2148 2980 prope
2192 2904 2382 2963 hieme

330 2997 616 3067 confecta,
645 2996 975 3072 quumipso
1016 2997 1148 3054 anni
1192 3007 1449 3072 tempore
1493 2997 1562 3054 ad
1603 2996 1917 3074 gerendum
1962 2996 2173 3054 bellum
2217 3016 2397 3073 vocag

329 3100 504 3159 retur,
533 3099 591 3145 et
613 3088 687 3145 ad
719 3088 939 3145 hostem
966 3088 1252 3163 proficisci
1283 3088 1690 3160 constituisset,
1719 3088 1839 3146 sive
1879 3106 2011 3145 eum
2052 3106 2123 3146 ex
2162 3089 2382 3164 paludi-

330 3180 436 3236 bus
462 3178 733 3254 silvisque
758 3179 989 3250 elicere,
1020 3181 1140 3238 sive
1183 3180 1484 3238 obsidione
1523 3198 1784 3255 premere
1821 3189 2015 3256 posset
2035 3169 2069 3248 ς’
2091 3179 2267 3257 legati
2310 3182 2382 3239 ad

329 3288 458 3327 eum
486 3270 775 3346 principes
816 3271 1138 3329 AEduorum
1185 3271 1423 3329 veniunt
1463 3281 1706 3343 oratum,
1749 3278 1849 3329 ‘ut
1895 3269 2142 3329 maxime
2184 3290 2383 3331 neces-

328 3360 479 3418 sario
504 3372 758 3437 tempore
787 3362 1002 3420 civitati
1032 3363 1366 3421 subveniat:
1410 3382 1634 3421 summo
1672 3381 1798 3421 esse
1839 3362 1898 3420 in
1938 3363 2198 3438 periculo
2236 3382 2378 3436 reni,

328 3449 501 3526 quod,
532 3471 711 3527 quum
737 3453 950 3530 singuli
977 3454 1341 3530 magistratus
1370 3453 1683 3529 antiquitus
1716 3454 1919 3525 creari,
1951 3464 2121 3528 atque
2161 3455 2377 3532 regiam

326 3552 663 3618 potestatem
718 3563 968 3602 annuam
1021 3545 1281 3603 obtinere
1348 3544 1746 3617 consuessent,
1801 3546 1918 3602 duo
1983 3546 2376 3623 magistratum

326 3645 545 3711 gerant,
574 3645 632 3693 et
657 3654 720 3693 se
747 3647 988 3710 uterque
1016 3654 1213 3693 eorum
1259 3637 1484 3714 legibus
1531 3648 1787 3694 creatum
1830 3655 1956 3694 esse
2004 3637 2174 3695 dicat.
2258 3636 2377 3695 Ho-

327 3742 453 3781 rum
481 3743 606 3783 esse
643 3727 881 3784 alterum
923 3727 1462 3798 Convictolitanem,
1493 3727 1788 3785 florentem
1828 3739 1885 3785 et
1929 3727 2204 3786 illustrem
2248 3729 2377 3786 ado-

327 3813 673 3884 lescentem;
718 3816 957 3874 alterum
999 3816 1232 3888 Cotum,
1275 3817 1669 3897 antiquissima
1699 3817 1915 3875 familia
1944 3828 2165 3890 natum,
2206 3820 2374 3893 atque

327 3902 508 3978 ipsum
537 3905 825 3963 hominem
855 3925 1090 3965 summm
1116 3908 1387 3981 potentiae
1414 3918 1471 3966 et
1507 3925 1731 3984 magnae
1773 3908 2165 3984 cognationis3
2208 3909 2371 3985 cujus
