2747 4376
364 283 437 340 12
1030 278 1125 326 DE
1172 278 1407 326 BELLO
1455 277 1773 328 GALLICO
2028 279 2185 344 [Cu.
2223 278 2430 330 16-18:

294 416 313 427 “
360 420 500 480 satis
527 440 737 499 magna
764 420 932 497 copia
959 419 1327 497 suppetebat:
1372 439 1443 479 eo
1468 430 1663 497 autem
1685 420 1991 493 frumento,
2014 419 2168 496 quod
2188 419 2431 478 flumine

361 512 533 570 Arari
576 513 818 570 navibus
861 513 1219 584 subvexerat,
1274 523 1577 588 propterea
1618 512 1698 570 uti
1751 510 1943 571 minus
1980 522 2226 589 poterat,
2269 510 2430 586 quod

361 602 467 661 iter
499 605 569 661 ab
607 604 778 661 Arari
825 603 1078 661 Helvetii
1124 615 1466 675 averterant,
1496 622 1530 661 a
1575 604 1785 679 quibus
1831 603 2131 662 discedere
2174 603 2426 660 nolebat.

360 694 536 752 Diem
564 713 635 752 ex
660 694 756 752 die
783 695 999 752 ducere
1040 695 1240 766 AEdui,
1271 695 1542 766 conferri,
1572 695 1937 771 comportari,
1968 695 2169 753 adesse
2208 694 2426 753 dicere.

359 785 475 843 Ubi
502 803 566 842 se
591 785 809 843 diutius
837 786 974 843 duci
1003 786 1302 858 intellexit,
1332 797 1391 843 et
1426 786 1581 843 diem
1623 786 1855 857 instare,
1884 805 2001 862 quo
2039 785 2135 843 die
2176 785 2430 843 frumen-

358 887 482 935 tum
523 876 801 935 militibus
837 877 1024 934 metiri
1065 888 1372 953 oporteret,
1429 877 1763 935 convocatis
1803 895 2002 935 eorum
2043 876 2423 954 principibuS,

361 987 605 1044 quorum
631 986 899 1045 magnam
929 961 1154 1045 copiam
1184 969 1244 1027 in
1273 969 1477 1027 castris
1517 968 1784 1041 habebat,
1814 968 1874 1026 in
1917 968 2007 1026 his
2043 967 2335 1026 Divitiaco
2364 978 2424 1026 et

362 1052 556 1132 Lisco,
612 1059 712 1135 qui
765 1079 991 1118 summo
1045 1061 1382 1137 magistratu
1446 1071 1687 1137 praeerat
1743 1059 1945 1138 (quem
1998 1059 2424 1137 Vergobretum

363 1151 650 1227 appellant
678 1150 878 1223 AEdui,
909 1151 1008 1226 qui
1050 1162 1276 1209 creatur
1319 1170 1566 1223 annuus„
1594 1162 1653 1209 et
1699 1152 1828 1209 vitae
1867 1150 2143 1226 necisque
2184 1150 2245 1207 in
2287 1168 2426 1207 suos

361 1240 536 1300 habet
561 1244 930 1321 potestatem)
961 1243 1207 1320 graviter
1236 1261 1336 1301 eos
1365 1253 1620 1315 accusat,
1650 1241 1827 1318 quod,
1856 1261 2034 1317 quum
2070 1259 2259 1317 neque
2285 1240 2422 1312 emi,

361 1351 552 1409 neque
578 1352 650 1391 ex
678 1333 831 1411 agris
872 1334 1024 1391 sumi
1069 1345 1280 1410 posset,
1309 1344 1426 1391 tam
1467 1333 1798 1392 necessario
1837 1343 2112 1409 tempore,
2140 1342 2258 1390 tam
2296 1351 2426 1409 pro-

359 1423 594 1501 pinquis
620 1424 899 1496 hostibuS,
931 1426 1002 1482 ab
1030 1424 1101 1482 iis
1128 1444 1243 1482 non
1273 1425 1634 1482 sublevetur:
1676 1424 1992 1500 praesertim
2013 1442 2191 1499 quum
2212 1424 2421 1501 magna

290 1540 305 1561 ι
362 1533 435 1574 cx
476 1527 639 1593 parte
681 1534 881 1574 eorum
928 1517 1196 1602 precibus
1247 1516 1530 1573 adductus
1578 1516 1793 1573 bellum
1850 1514 2187 1595 susceperit,
2243 1515 2426 1591 multo

363 1607 537 1665 etiam
565 1605 816 1685 gravius,
846 1605 1001 1682 quod
1028 1608 1102 1664 sit
1129 1606 1456 1678 destitutuS,
1487 1607 1759 1682 queritur.

340 1704 345 1709 ’
443 1696 639 1756 XVII.
721 1696 882 1755 Tum
931 1697 1162 1755 demum
1218 1697 1445 1770 Liscus,
1500 1698 1760 1756 oratione
1820 1696 2069 1756 Caesaris
2120 1697 2422 1769 adductus,

363 1787 516 1864 quod
560 1800 728 1847 antea
765 1799 1045 1860 tacuerat,
1074 1791 1380 1865 proponit:
1425 1796 1441 1822 ‘
1465 1790 1610 1847 Esse
1651 1789 1977 1860 nonnullos,
2006 1807 2247 1864 quorum
2292 1807 2424 1846 auc-

364 1880 562 1938 toritas
590 1880 739 1956 apud
766 1880 992 1955 plebem
1020 1879 1330 1956 plurimum
1358 1881 1564 1952 valeat,
1594 1881 1691 1956 qui
1720 1880 1984 1957 privatim
2011 1881 2140 1957 plus
2179 1881 2420 1956 possint,

275 2018 280 2023 .
363 1970 536 2046 quam
565 1971 674 2048 ipsi
700 1972 1082 2049 magistratus,
1168 1971 1295 2029 Hos
1335 1972 1608 2030 seditiosa
1653 1984 1822 2048 atque
1863 1972 2123 2048 improba
2164 1971 2423 2030 oratione

362 2062 788 2121 multitudinem
812 2063 1120 2135 deterrere,
1149 2082 1224 2121 ne
1252 2064 1602 2140 frumentum
1632 2063 1950 2135 conserant,
1980 2063 2133 2139 quod
2152 2076 2423 2138 praestare

308 2191 315 2196 -
362 2154 625 2214 debeant.
709 2154 775 2214 Si
797 2154 916 2232 jam
942 2155 1329 2233 principatum
1356 2155 1562 2214 Galliae
1591 2154 1852 2214 obtinere
1880 2173 1997 2213 non
2024 2154 2267 2232 possint,
2288 2154 2422 2213 Gal-

361 2246 548 2307 lorum
590 2246 765 2324 quam
814 2248 1213 2306 Romanorum
1259 2247 1502 2332 imperia
1553 2247 1840 2324 praeserre,
1899 2264 2085 2321 neque
2138 2246 2420 2317 dubitare,

359 2339 522 2416 quin,
550 2340 599 2398 si
629 2339 926 2400 Helvetios
954 2339 1347 2416 superaverint
1386 2338 1661 2410 Romani,
1691 2337 1808 2398 una
1849 2357 1983 2396 cum
2026 2337 2244 2413 reliqua
2286 2338 2420 2395 Gal-

360 2430 442 2489 lia
471 2430 680 2489 AEduis
706 2431 1029 2490 libertatem
1056 2431 1172 2489 sint
1199 2431 1470 2507 erepturi.
1557 2431 1652 2489 Ab
1681 2431 1884 2489 iisdem
1925 2440 2118 2488 nostra
2158 2429 2419 2500 consilia,

362 2541 603 2598 quaeque
632 2523 693 2581 in
729 2523 932 2581 castris
971 2535 1263 2601 gerantur,
1294 2523 1555 2581 hostibus
1595 2521 1929 2582 enunciari:
1974 2521 2079 2581 hos
2109 2525 2232 2579 ase
2260 2526 2421 2578 coer-

363 2613 483 2671 ceri
535 2633 653 2672 non
704 2633 905 2689 posse:
964 2614 1109 2689 'quin
1164 2616 1359 2685 etiam,
1417 2613 1573 2689 quod
1627 2603 1955 2672 necessario
2012 2632 2128 2671 rem
2185 2625 2421 2670 coactus

361 2703 579 2762 Caesari
623 2704 971 2776 enunciarit,
1022 2705 1344 2782 intelligere
1393 2723 1539 2774 sese,
1596 2715 1811 2779 quanto
1865 2704 1921 2760 id
1979 2724 2112 2762 cum
2166 2704 2421 2780 periculo

364 2794 584 2867 fecerit,
613 2806 671 2854 et
697 2796 772 2854 ob
799 2814 928 2854 eam
957 2814 1211 2867 causam,
1240 2793 1415 2870 quam
1444 2794 1543 2851 diu
1570 2795 1838 2870 potuerit,
1867 2795 2153 2851 tacuisse.’

441 2885 671 2947 XVIII.
753 2888 950 2947 Caesar
991 2887 1102 2945 hac
1149 2887 1410 2945 oratione
1454 2884 1612 2943 Lisci
1664 2883 2101 2961 Dumnorigem,
2145 2882 2414 2942 Divitiaci

364 2977 953 3086 fratremvdesignari
996 2979 1311 3047 sentiebat3
1369 2977 1491 3048 sed,
1535 2974 1689 3051 quod
1737 2975 1997 3051 pluribus
2042 2976 2418 3050 praesentibus

364 3088 462 3128 eas
508 3089 599 3128 res
638 3070 844 3147 jactari
891 3070 1142 3141 nolebat,
1198 3069 1461 3128 celeriter
1511 3066 1824 3124 concilium
1871 3064 2125 3139 dimittit,
2183 3066 2415 3125 Liscum

364 3161 608 3222 retinet:
651 3161 855 3237 quaerit
902 3180 973 3219 ex
1015 3161 1139 3218 solo
1184 3180 1272 3232 ea,
1324 3180 1452 3234 quae
1497 3159 1557 3216 in
1601 3168 1889 3215 conventu
1937 3156 2173 3216 dixerat.
2259 3156 2416 3216 Dicit

363 3249 602 3310 liberius
646 3263 816 3327 atque
846 3248 1138 3310 audacius.
1224 3251 1446 3308 Eadem
1487 3248 1709 3308 secreto
1742 3248 1812 3306 ab
1856 3248 1981 3306 aliis
2022 3249 2255 3325 quaerit3
2297 3269 2417 3326 rep-

364 3344 475 3402 erit
515 3362 640 3402 esse
693 3361 863 3403 vera:
906 3350 924 3376 ‘
947 3342 1144 3419 Ipsum
1200 3359 1325 3399 esse
1379 3341 1818 3419 Dumnorigem,
1873 3342 2096 3399 summa
2153 3342 2414 3415 audacia,

364 3434 575 3511 magna
632 3433 778 3510 apud
832 3433 1057 3510 plebem
1110 3442 1340 3509 propter
1402 3432 1802 3490 liberalitatem
1869 3433 2076 3510 gratia,
2144 3433 2413 3510 cupidum

365 3544 556 3583 rerum
599 3545 906 3595 novarum3
954 3525 1278 3600 complures
1327 3543 1506 3581 annos
1554 3523 1805 3599 portoria
1848 3524 2182 3600 reliquaque
2225 3526 2414 3583 omnia

365 3615 687 3676 AEduorum
729 3616 1035 3693 vectigalia
1073 3634 1250 3692 parvo
1289 3615 1477 3691 pretio
1523 3616 1816 3691 redempta
1862 3614 2092 3687 habere,
2120 3628 2414 3691 propterea

366 3705 541 3782 quod,
586 3706 686 3765 illo
726 3708 960 3779 licente,
1009 3718 1211 3765 contra
1256 3707 1420 3765 liceri
1472 3706 1677 3764 audeat
1719 3724 1907 3763 nemo,
1992 3704 2104 3763 His
2147 3708 2317 3764 rebus
2361 3717 2416 3764 et

365 3816 528 3855 suam
554 3817 676 3857 rem
705 3799 1040 3886 familiarem
1071 3799 1329 3870 auxisse,
1346 3808 1404 3855 et
1433 3798 1732 3855 facultates
1776 3797 1846 3854 ad
1873 3796 2233 3873 largiendum
2266 3816 2416 3873 mag-

365 3905 471 3946 nas
523 3890 924 3966 comparasse:
1001 3908 1274 3967 magnum
1331 3907 1636 3945 numerum
1691 3887 1979 3962 equitatus
2032 3907 2138 3945 suo
2189 3900 2414 3963 sumptu
