2747 4376
1166 176 1198 199 X

334 277 414 336 43
468 328 476 333 ,
994 274 1083 322 οε
1137 273 1363 322 senno
1412 272 1731 322 GAmeo
2069 274 2226 336 [on.
2261 271 2397 322 3-6

338 432 525 477 tamen
577 417 718 493 parti
773 417 1008 490 placuit,
1049 417 1163 472 boc
1214 424 1502 473 reservato
1552 416 1619 472 ad
1663 425 1980 472 extremum
2023 415 2289 487 consilio,
2324 416 2409 473 in-

338 511 501 569 terim
532 510 612 566 rei
643 524 909 565 eventum
937 509 1202 582 experiri,
1234 518 1290 564 et
1315 519 1504 564 castra
1533 507 1857 564 defendere.

416 600 516 657 IV.
579 600 744 657 Brevi
772 600 961 673 spatio
991 599 1310 675 111terject0,
1342 599 1436 654 vix
1465 609 1530 655 ut
1556 598 1645 655 his
1672 599 1862 668 rebus,
1894 617 2035 672 quas
2074 598 2407 656 constituis·

338 704 483 761 sent,
527 691 897 748 collocandis·
924 704 1093 763 atque
1145 689 1611 747 administrandis
1654 700 1879 765 tempus
1926 689 2176 761 daretur,
2207 690 2404 748 hostes

338 802 409 840 ex
435 783 1003 856 omnibus-partibuS‚
1034 783 1202 858 signo
1229 780 1384 851 dat0,
1414 781 1740 851 decurrere,
1769 781 1989 856 lapides
2028 801 2296 857 gaesaque
2341 782 2403 839 in

338 873 546 931 vallum
577 875 892 949 conjicere:
940 873 1114 930 nostri
1156 872 1342 947 primo
1388 872 1626 948 integris
1667 872 1882 928 viribus
1926 872 2146 930 sortiter
2195 891 2406 949 repug-

339 983 496 1034 nare,
526 983 711 1038 neque
744 967 918 1022 ullum
953 962 1158 1021 frustra
1187 964 1365 1020 telum
1406 981 1477 1020 ex
1518 964 1648 1019 loco
1687 964 1981 1038 superiore
2028 964 2292 1022 mittere:
2338 975 2405 1022 ut
2432 986 2506 1047 ᾗ

339 1074 581 1130 quaeque
611 1076 739 1131 pars
783 1067 1096 1112 castrorum
1140 1054 1356 1112 nudata
1403 1054 1800 1111 defensoribus
1845 1055 2029 1129 premi
2079 1055 2403 1126 videbatur,

340 1145 410 1204 eo
439 1166 744 1203 occurrere
774 1159 830 1204 et
861 1147 1133 1203 auxilium
1167 1145 1347 1203 ferre:
1391 1145 1491 1203 sed
1535 1146 1647 1202 hoc
1688 1147 1964 1221 superari,
2000 1145 2156 1220 quod
2184 1147 2405 1205 diutur·
2441 1162 2444 1163 ’

341 1238 518 1296 nitate
546 1258 752 1314 pugnae
785 1239 972 1295 hostes
1001 1237 1207 1307 defessi
1236 1237 1438 1313 proelio
1464 1235 1837 1307 excedebant,
1870 1237 1965 1294 alii
1994 1238 2232 1314 integris
2276 1238 2405 1295 viri·
2433 1224 2500 1303 25-

341 1328 448 1385 bus
476 1331 864 1389 succedebant
887 1351 917 1385 :·
946 1348 1185 1403 quarum
1218 1348 1406 1386 rerum
1451 1348 1483 1385 a
1526 1328 1733 1386 nostris
1774 1341 2003 1405 propter
2048 1330 2402 1405 paucitatem

342 1419 462 1477 fieri
495 1422 632 1478 nihil
664 1434 920 1497 poterat,
968 1439 1035 1476 ac
1064 1440 1179 1476 nou
1229 1418 1397 1477 modo
1443 1419 1686 1477 defesso·
1708 1439 1779 1477 ex
1817 1420 2011 1497 pugna
2060 1420 2378 1483 excedendi

341 1511 441 1568 sed
474 1529 546 1568 ne
572 1513 772 1569 saucio
800 1512 1028 1586 quidem
1073 1511 1195 1586 ejus
1242 1512 1378 1581 loci,
1410 1511 1512 1568 ubi
1557 1512 1911 1583 constiterat,
1938 1511 2299 1586 relinquendi
2332 1531 2402 1568 ac

342 1602 428 1659 sui
460 1602 773 1677 recipiendi
805 1601 1045 1660 facultas
1073 1603 1328 1661 dabatur.
1376 1646 1383 1652 -

382 1755 389 1760 ,
423 1692 490 1749 V.
547 1692 751 1754 Quum
776 1693 895 1770 jam
928 1693 1171 1769 amplius
1201 1694 1355 1752 horis
1384 1713 1485 1753 sex
1526 1695 1887 1752 continenter
1927 1704 2300 1771 pugnaretur,
2332 1713 2403 1751 ac

345 1802 457 1843 non
488 1784 672 1841 solum
706 1785 853 1869 vires
880 1783 980 1841 sed
1010 1785 1184 1842 etiam
1225 1785 1340 1843 tela
1380 1785 1591 1844 nostris
1624 1785 1965 1857 deficerent,
1997 1795 2167 1859 atque
2208 1785 2403 1843 hostes

345 1875 536 1947 acrius
586 1876 879 1947 instarent,
912 1875 1481 1953 languidioribusque
1525 1878 1753 1949 nostriS,
1781 1877 1992 1934 vallum
2036 1876 2302 1935 scindere
2342 1889 2403 1935 et

345 1966 522 2024 fossas
549 1968 835 2043 complere
866 1969 1190 2042 coepissent,
1223 1986 1424 2043 resque
1461 1980 1611 2026 esset
1646 1969 1764 2045 jam
1810 1969 1876 2025 ad
1920 1981 2235 2026 extremum
2275 1987 2402 2045 per-

344 2058 518 2131 ducta
567 2077 785 2130 casum,
840 2058 897 2116 P.
959 2060 1191 2120 Sextius
1245 2059 1510 2132 Baculus,
1567 2060 2171 2135 primipili=centurio,
2203 2078 2421 2135 ·quem'

343 2148 599 2208 Nervico
627 2150 826 2226 proelio
868 2151 1259 2225 compluribus
1302 2151 1630 2209 consectum
1668 2151 2004 2209 vulneribus
2044 2151 2311 2222 diximus,
2341 2149 2417 2209 et'

343 2241 479 2299 item
522 2242 588 2299 C.
626 2242 969 2313 Volusenus,
1001 2243 1262 2312 tribunus
1311 2244 1575 2313 militum,
1610 2246 1687 2300 vir
1734 2255 1791 2301 et
1840 2243 2065 2301 consilii
2106 2245 2299 2327 magni
2341 2234 2399 2301 et

343 2334 586 2408 virtutiS,
619 2334 686 2390 ad
730 2334 974 2391 Galbam
1020 2347 1348 2404 accurrunt,
1383 2349 1549 2408 atque
1599 2353 1771 2391 unam
1819 2353 1944 2392 esse
1993 2353 2148 2409 spem
2199 2335 2398 2392 salutis

344 2408 572 2496 docent,
622 2423 690 2497 si,
732 2427 1031 2501 eruptione
1083 2426 1254 2496 facta,
1297 2441 1612 2483 extremum
1665 2425 1937 2482 auxilium
1988 2425 2393 2500 experirentur.

345 2516 564 2597 Itaque,
631 2519 963 2575 convocatis
1032 2518 1488 2587 centurionibus,
1544 2517 1807 2574 celeriter
1862 2517 2071 2574 milites
2126 2518 2397 2576 certiores

345 2607 500 2676 facit,
550 2609 832 2682 paulisper
889 2610 1325 2672 intermitterent
1372 2608 1655 2683 proelium,
1715 2627 1783 2664 ac
1838 2609 2233 2665 tautummodo
2286 2610 2397 2667 tela

342 2698 516 2754 missa
543 2702 892 2773 exciperent,
924 2717 1099 2772 seque
1129 2718 1196 2755 ex
1242 2699 1436 2755 labore
1479 2698 1814 2755 reficerent:
1860 2699 2006 2773 post,
2038 2700 2172 2757 dato
2212 2701 2394 2776 signO,

343 2806 411 2845 ex
461 2789 662 2845 castris
698 2802 1091 2864 erumperent,
1137 2801 1307 2864 atque
1342 2802 1583 2845 omnem
1626 2808 1784 2864 spem
1839 2790 2037 2846 salutis
2079 2790 2138 2847 in
2195 2792 2397 2897 virtute

341 2892 636 2956 ponerent.

424 2969 524 3028 VI.
581 2970 762 3032 Quod
812 2971 956 3047 jussi
1011 2982 1164 3042 sunt,
1218 2969 1470 3038 faciunt3
1537 2988 1606 3026 ac
1655 2969 1843 3027 subito
1901 2939 2169 3030 omnibus
2221 2975 2396 3077 portis

343 3062 641 3135 eruptione
673 3062 842 3132 facta,
874 3080 1060 3136 neque
1087 3060 1498 3138 cognoscendi,
1529 3060 1670 3135 quid
1710 3061 1890 3132 fieret,
1921 3082 2109 3138 neque
2152 3066 2241 3123 sui
2284 3066 2395 3124 col·
2426 3055 2506 3136 Χ

326 3142 559 3228 ligendi
591 3154 845 3234 hostibus
874 3153 1203 3210 facultatem
1231 3152 1580 3226 relinquunt.
1664 3152 1755 3211 Ita
1775 3156 2125 3214 commutata
2149 3157 2392 3229 fortuna,

344 3233 463 3313 eos,
519 3244 616 3318 qui
668 3244 725 3300 in
774 3262 929 3319 spem
984 3244 1392 3319 potiundorum
1441 3256 1759 3302 castrorum
1807 3259 2096 3318 venerant,
2146 3248 2393 3322 undique

345 3334 768 3391 circumventos
825 3334 1207 3424 interficiunt3
1267 3347 1325 3394 et
1378 3354 1451 3392 ex
1498 3335 1793 3404 hominum
1848 3338 2100 3395 millibus
2157 3338 2393 3414 amplius

343 3424 598 3501 triginta,
629 3445 798 3520 quem
828 3445 1129 3483 numerum
1158 3428 1530 3484 barbarorum
1575 3427 1645 3484 ad
1687 3440 1874 3486 castra
1914 3430 2137 3486 venisse
2179 3442 2392 3487 consta-

345 3517 461 3587 bat,
489 3514 618 3591 plus
655 3499 821 3574 tertia
864 3530 1023 3592 parte
1074 3518 1397 3590 interfecta,
1427 3519 1678 3594 reliquos
1724 3520 2054 3614 perterritos
2097 3521 2154 3576 in
2205 3520 2389 3597 sugam

346 3608 684 3684 conjiciunt,
717 3627 783 3664 ac
812 3627 884 3665 ne
916 3608 970 3664 in
1001 3609 1145 3666 locis
1173 3610 1405 3684 quidem
1434 3611 1822 3712 superioribus
1844 3583 2156 3667 consistere
2176 3613 2391 3685 patiun-

344 3712 450 3758 tur.
537 3700 658 3770 Sic,
688 3700 953 3757 omnibus
982 3700 1228 3757 hostium
1271 3702 1454 3776 copiis
1496 3701 1635 3758 fusis
1678 3701 1960 3774 armisque
2001 3702 2208 3771 exutiS,
2235 3722 2296 3760 se
2336 3704 2428 3759 in
2471 3751 2482 3760 ,

346 3801 533 3848 castra
559 3792 1020 3864 munitionesque
1061 3811 1194 3848 suas
1234 3792 1537 3867 recipiunt.
1618 3791 1763 3852 Quo
1800 3791 2002 3867 proelio
2042 3784 2213 3864 fact0,
2243 3792 2385 3868 quod
2419 3837 2422 3841 v

345 3882 553 3958 saepius
607 3881 890 3939 fortunam
947 3892 1167 3938 tentare
1220 3882 1409 3938 Galba
1441 3882 1709 3958 nolebat,
1769 3894 1935 3956 atque
1994 3883 2105 3940 alio
2127 3901 2280 3939 “sese
2335 3885 2385 3941 in
