2747 4376
341 280 471 327 cir.
505 282 673 346 6-·-9.]
1058 285 1272 347 mar-:R
1315 287 1640 337 Tam-ms.
2030 269 2039 277 ’
2323 295 2401 352 47

342 423 585 482 niberna
611 426 852 484 consilio
881 429 1104 487 venisse
1147 432 1502 502 meminerat,
1536 432 1660 489 aliis
1701 433 2025 490 occurrisse
2053 434 2225 491 rebus
2253 433 2404 499 vide-

343 527 449 587 rat,
479 516 726 574 maxime
774 520 1061 585 frumenti„
1085 524 1556 598 commeatusque
1598 524 1791 600 inopia
1835 537 2147 600 permotuS,
2176 536 2405 602 postero

343 607 438 665 die
467 610 734 669 omnibus
774 610 1051 687 ejusvici
1094 614 1353 671 aedificiis
1396 616 1666 687 incensis,
1697 616 1756 672 in
1797 618 2151 692 provinciam
2195 619 2402 677 reverti

345 701 675 764 contendit:
699 708 827 774 'ac,‚
848 704 1008 760 nullo
1050 705 1211 762 hoste
1251 706 1611 781 prohibente,
1643 717 1741 767 aut
1784 708 1891 767 iter
1937 708 2289 780 demorante,
2319 709 2403 767 in·

344 792 633 850 columem
660 793 947 872 legionem
978 796 1037 853 in
1079 795 1424 869 Nantuates,
1455 798 1590 856 inde
1631 799 1690 856 in
1733 799 2079 878 Allobrogas
2116 800 2400 878 perduxit,

345 883 541 959 ibique
570 885 855 944 hiemavit.
2229 940 2240 953 .

426 975 560 1033 VH.
620 977 731 1034 His
758 978 930 1048 rebus
955 983 1151 1056 gestiS‚
1181 999 1358 1055 quum
1387 981 1654 1050 omnibus
1694 981 1768 1063 de
1796 984 2209 1055 causisCaesar
2234 1003 2402 1061 paca·

343 1078 462 1124 tam
510 1068 759 1126 Galliam
800 1071 1168 1142 existimaret,
1197 1073 1478 1148 superatis
1521 1073 1738 1150 Belgis,
1781 1075 2031 1151 expulsis
2077 1076 2400 1148 Germanis,

345 1160 516 1216 victis
547 1160 605 1217 in
647 1161 895 1237 Alpibus
942 1164 1210 1243 Sedunis,
1242 1175 1412 1238 atque
1456 1164 1536 1222 ita
1578 1165 1722 1222 inita
1766 1165 1955 1224 hieme
2003 1167 2061 1224 in
2109 1167 2400 1243 Illyricum

344 1251 640 1326 profectus
685 1264 853 1324 esset,
894 1253 1052 1328 quod
1098 1273 1197 1312 eas
1244 1254 1476 1330 quoque
1522 1256 1784 1314 nationes
1832 1257 1990 1315 adire
2030 1269 2093 1315 et
2139 1259 2402 1335 regiones

345 1361 703 1420 cognoscere
757 1337 998 1417 volebat,
1041 1346 1294 1403 subitum
1351 1347 1564 1403 bellum
1620 1347 1677 1404 in
1734 1348 1927 1415 Gallia
1983 1361 2242 1406 coortum
2297 1363 2399 1408 est.

347 1432 492 1511 Ejus
520 1435 652 1492 belli
684 1436 807 1492 haec
835 1436 941 1494 fuit
968 1455 1158 1500 causa.
1245 1436 1308 1495 P.
1339 1437 1585 1498 Crassus
1628 1438 1961 1505 adolescens
2003 1458 2135 1496 cum
2177 1440 2403 1518 legione

345 1528 591 1602 septima
632 1528 922 1602 proximus
966 1546 1121 1595 mare
1164 1527 1471 1589 Oceanum
1519 1530 1579 1586 in
1629 1530 1897 1587 Andibus
1946 1530 2241 1590 hiemarat.
2323 1531 2400 1605 Is,

345 1617 502 1693 quod
534 1618 593 1675 in
636 1618 723 1675 his
761 1618 906 1676 locis
948 1620 1142 1696 inopia
1183 1620 1454 1691 frumenti
1502 1631 1642 1691 erat,
1687 1622 1988 1696 praefectos
2029 1622 2402 1699 tribunosque

344 1710 592 1767 militum
638 1710 959 1786 complures
1000 1712 1058 1769 in
1099 1711 1372 1787 finitimas
1414 1712 1673 1769 civitates
1716 1712 1982 1771 frumenti
2027 1716 2401 1774 commeatus-

320 1792 457 1876 ‘que
485 1802 717 1877 petendi
747 1807 921 1860 causa
952 1804 1204 1862 dimisit:
1247 1823 1365 1878 quo
1391 1803 1450 1863 in
1479 1821 1719 1861 numero
1744 1819 1866 1863 erat
1905 1805 1980 1874 T.
2011 1806 2399 1880 Terrasidius,

345 1895 552 1951 missus
601 1895 659 1951 in
700 1894 954 1969 Unellos,
985 1894 1067 1951 M.
1098 1894 1351 1957 Trebius
1391 1895 1610 1961 Gallus
1636 1895 1697 1952 in
1738 1896 2134 1975 Curiosolitas,
2175 1898 2258 1962 Q.
2288 1899 2402 1959 Ve-

341 1986 533 2043 lanius
562 2005 692 2059 cum
723 1985 797 2043 T.
830 1986 976 2043 Silio
1004 1986 1063 2043 in
1092 1986 1363 2044 Venetos

423 2077 588 2137 VIII.
646 2078 836 2154 Hujus
864 2068 1111 2142 ciritatis'
1139 2089 1226 2135 est
1251 2077 1423 2156 longe
1469 2080 1816 2157 amplissima
1858 2081 2171 2139 auctoritas
2210 2101 2401 2140 omnis

341 2188 459 2228 orte
488 2169 786 2227 maritimae
830 2169 1128 2248 regionum
1175 2190 1393 2243 earum,
1421 2171 1577 2247 ςυόᾶ
1619 2183 1677 2240 et
1711 2192 1885 2231 naves
1932 2173 2145 2232 habent
2186 2173 2400 2233 Veneti
2463 2195 2488 2208 ’
2523 2181 2536 2192 ’

344 2262 638 2338 plurimaS‚
667 2262 916 2337 quibus
903 2282 962 2320 m
991 2262 1349 2321 Britanniam
1379 2264 1648 2342 navigare
1678 2264 2049 2334 consuerunt,
2072 2277 2130 2323 et
2155 2265 2400 2324 scientia

346 2366 517 2430 atque
547 2374 650 2410 usu
681 2355 1042 2412 nauticarum
1071 2373 1261 2413 rerum
1303 2356 1553 2457 reliquos
1595 2340 1961 2426 antecedunt,
1991 2368 2049 2414 et
2089 2358 2147 2414 in
2189 2376 2402 2448 magno

274 2470 280 2474 ·
345 2446 561 2523 impetu
608 2446 779 2503 maris
828 2447 998 2521 atque
1046 2457 1260 2523 apert0‚
1303 2447 1505 2524 paucis
1558 2448 1817 2550 portibus
1871 2448 2202 2523 interjectis,
2257 2468 2401 2524 quos
2439 2451 2500 2526 ><

345 2549 545 2596 tenent
589 2538 715 2613 ipsi,
766 2558 964 2595 omnes
1013 2537 1154 2611 fere,
1197 2539 1294 2614 qui
1336 2558 1409 2596 eo
1451 2540 1593 2597 mari
1644 2540 1725 2598 uti
1774 2540 2146 2611 consuerunt,
2189 2540 2401 2599 habent

346 2630 672 2707 vectigales
757 2631 851 2687 Ab
897 2630 967 2687 iis
1017 2631 1123 2688 fuit
1171 2631 1398 2689 initium
1440 2631 1724 2690 retinendi
1769 2633 1899 2690 Silii
1944 2646 2128 2706 atque-
2148 2623 2398 2705 Velanii,

347 2721 504 2796 quod
530 2741 631 2799 per
661 2740 759 2780 eos
787 2742 922 2779 suos
949 2740 1011 2779 se
1050 2722 1299 2794 obsides,
1329 2742 1473 2798 quos
1515 2724 1725 2781 Crasso
1765 2724 2074 2794 dedissent,
2104 2741 2401 2801 recupera-

346 2823 507 2872 turos
555 2814 969 2871 existimabant.
1056 2814 1281 2871 Horum
1328 2816 1666 2873 auctoritate
1718 2815 1945 2873 finitimi
2001 2815 2252 2888 adducti,
2309 2816 2399 2897 (ut

347 2916 483 2962 sunt
526 2905 820 2962 Gallorum
866 2906 1056 2963 subita
1095 2916 1153 2963 et
1199 2907 1500 2984 repentina
1542 2908 1809 2986 consilia)
1853 2908 2054 2965 eadem
2104 2909 2176 2966 de
2222 2897 2516 2966 causam*

346 2996 630 3055 Trebium
658 2996 1171 3072 Terrasidiumque
1213 2999 1495 3068 retinent3
1541 3010 1617 3070 et,
1647 2999 1908 3057 celeriter
1950 3000 2138 3057 missis
2176 3000 2398 3104 legatiS,
2441 3015 2458 3032 ⁸

347 3108 449 3165 per
477 3108 609 3146 suos
635 3090 925 3166 principes
954 3090 1101 3146 inter
1144 3109 1205 3147 se
1253 3090 1554 3166 conjurant
1595 3090 1733 3148 nihil
1782 3090 1891 3148 nisi
1934 3092 2225 3149 communi
2266 3110 2399 3149 con·

348 3181 478 3239 silio
506 3192 753 3252 acturos,
768 3180 1146 3269 ’eundemque
1185 3201 1385 3239 omnes
1433 3184 1674 3240 fortunae
1716 3183 1931 3240 exitum
1979 3201 2104 3240 esse
2143 3184 2397 3273 laturos.

348 3272 709 3348 reliquasque
765 3273 1025 3331 civitates
1078 3274 1408 3345 sollicitant,
1466 3288 1529 3332 ut
1583 3275 1642 3332 in
1697 3292 1767 3331 ea
1821 3264 2101 3345 libertate,
2144 3293 2313 3349 quam
2369 3294 2402 3334 a

348 3365 661 3441 majoribus
691 3377 1050 3440 acceperant,
1072 3385 1428 3444 permanere,
1452 3364 1623 3441 quam
1653 3365 2049 3423 Romanorum
2072 3368 2400 3424 servitutem

346 3457 598 3534 perferre
626 3457 876 3515 mallent.
960 3456 1136 3515 Omni
1175 3460 1275 3515 ora
1319 3458 1606 3515 maritima
1651 3458 1914 3515 celeriter
1958 3458 2028 3514 ad
2072 3478 2233 3515 suam
2279 3478 2403 3517 sen-

348 3550 585 3607 tentiam
626 3549 926 3624 perducta,
956 3568 1320 3628 communem
1364 3550 1708 3626 legationem
1756 3551 1824 3606 ad
1871 3549 1933 3607 P.
1964 3550 2234 3607 Crassum
2280 3550 2403 3606 mit-

347 3653 495 3712 tunt,
526 3648 541 3674 ‘
562 3641 608 3699 si
638 3641 772 3698 velit
802 3660 935 3697 suos
962 3642 1239 3715 recipere,
1269 3642 1498 3698 obsides
1526 3641 1635 3698 sibi
1664 3642 1950 3710 remittat!

427 3733 534 3790 IX.
563 3733 831 3803 Μ(ιλιιὶὶηιετ,
860 3733 930 3790 de
959 3734 1130 3790 rebus
1158 3733 1353 3790 Cae'sar
1399 3733 1468 3789 ab
1506 3733 1718 3789 Crasso
1760 3735 1971 3789 certior
2014 3732 2217 3799 factus,
2247 3728 2398 3802 quod

349 3827 470 3902 ipse
500 3827 693 3883 aberat
734 3822 981 3901 longius»,
1010 3844 1185 3882 naves
1229 3814 1454 3882 interim
1501 3825 1699 3898 longas
1743 3823 2013 3880 aedifica-ri
2064 3821 2121 3878 in
2168 3821 2403 3877 flumine

349 3917 564 3996 Ligeri.
595 3918 746 3991 quod
778 3916 962 3977 influit
992 3917 1048 3973 in
1086 3915 1410 4000 Oceanum,
1444 3916 1687 3991 remiges
1715 3934 1784 3971 ex
1824 3913 2120 4006 provincia
2163 3912 2402 3977 institui,
