2747 4376
330 294 412 352 86
989 291 1087 340 m:
1131 291 1364 340 sacco
1414 292 1734 341 Gannico
2007 295 2163 358 [cn.
2196 294 2395 344 ³6—aa
2498 256 2505 263 ⁹

413 432 704 493 XXXVl.
765 434 875 492 His
930 435 1102 494 rebus
1156 445 1450 511 permotus
1502 435 1585 498 Q.
1634 435 1923 508 Titurius,
1969 455 2150 511 quum
2197 438 2399 514 procul

332 526 732 604 Ambiorigem
760 546 897 585 suos
923 527 1320 586 cohortantem
1351 527 1764 604 conspexisset,
1795 529 2166 604 interpretem
2209 548 2400 601 suum,

332 617 442 677 Cn.
492 618 853 694 Pompeium,
884 620 955 677 ad
995 638 1130 678 eum
1179 620 1375 692 mittit,
1418 632 1703 698 rogatum,
1745 631 1810 679 ut
1852 620 1963 678 sibi
2006 621 2401 695 militibusque

329 720 546 787 parcat.
628 710 735 770 Ille
779 712 1094 788 appellatus
1137 711 1466 788 respondit:
1530 720 1546 746 ‘
1572 713 1639 771 Si
1687 713 1824 771 velit
1869 732 2069 770 secum
2124 712 2400 788 colloqui,

258 821 266 829 ·
330 801 541 874 licere3
583 821 814 880 sperare
842 824 877 862 a
901 804 1272 863 multitudine
1299 804 1377 863 im
1453 804 1594 863 trari
1620 823 1809 881 posse,
1838 805 1994 880 quod
2036 805 2108 862 ad
2149 805 2401 863 militum

330 894 571 953 salutem
600 895 922 972 pertineat;
965 896 1075 973 ipsi
1102 894 1238 955 vero
1277 824 1452 955 ΠἹῊΞῘΕ
1466 897 1727 955 nocitum
1767 896 1859 969 iri,
1889 896 2066 972 inque
2105 915 2235 955 eam
2276 915 2400 955 rem

330 1004 394 1044 se
420 1006 586 1058 suam
613 988 786 1046 fidem
813 988 1214 1065 interponere!
1299 988 1407 1047 Ille
1443 1007 1580 1047 cum
1621 989 1798 1047 Cotta
1837 988 2041 1046 saucio
2080 989 2401 1046 communi-

330 1088 445 1150 cat,
488 1085 505 1113 ‘
527 1079 579 1138 si
619 1079 900 1154 videatur,
928 1080 1126 1160 pugna
1167 1092 1232 1140 ut
1274 1082 1580 1153 excedant,
1607 1092 1667 1140 et
1714 1099 1851 1139 cum
1897 1079 2239 1157 Ambiorige
2280 1078 2400 1138 una

279 1210 294 1247 s
330 1170 771 1248 colloquantur:
813 1192 1063 1250 sperare,
1095 1173 1166 1231 ab
1213 1191 1285 1232 eo
1326 1173 1402 1232 de
1447 1172 1555 1231 sua
1597 1191 1667 1232 ac
1706 1171 1957 1232 militum
1996 1171 2183 1233 salute
2221 1171 2400 1249 impe-

160 1250 282 1325 uaef‘
329 1271 482 1321 trare
508 1265 711 1340 posse!
796 1264 971 1323 Cotta
996 1284 1059 1324 se
1089 1266 1160 1323 ad
1191 1253 1466 1353 armatfin
1493 1265 1720 1323 hostem
1759 1264 1972 1323 iturum
2001 1276 2195 1343 negat,
2225 1276 2400 1340 atque

334 1372 394 1413 in
424 1373 497 1413 eo
527 1357 804 1415 constitit.
906 1406 915 1413 .

410 1446 735 1507 XXXVII.
792 1449 1064 1522 Sabinus,
1094 1468 1240 1525 quos
1266 1449 1326 1507 in
1353 1448 1663 1525 praesentia
1690 1447 1956 1506 tribunos
1997 1447 2245 1506 militum
2288 1448 2399 1506 cir·

332 1557 467 1597 cum
514 1559 577 1598 se
620 1540 869 1599 habebat
914 1553 975 1600 et
1018 1542 1335 1617 primorum
1383 1540 1651 1621 ordinum
1703 1539 2094 1611 centurioneS,
2122 1558 2186 1598 se
2229 1542 2398 1616 sequi

324 1629 521 1706 jubet;
563 1647 623 1690 et
651 1652 829 1707 quum
868 1631 1106 1710 propius
1147 1633 1548 1710 Ambiorigem
1598 1632 1957 1704 accessisset,
1995 1632 2190 1708 jussus
2237 1652 2399 1690 arma

333 1720 601 1797 abjicere,
653 1723 995 1800 imperatum
1043 1725 1202 1796 sacit,
1240 1725 1496 1800 suisque,
1540 1734 1604 1782 ut
1650 1723 1806 1782 idem
1854 1724 2091 1796 faciant,
2134 1723 2395 1800 imperat.

332 1810 592 1885 Interim,
621 1815 760 1872 dum
787 1815 861 1874 de
901 1816 1332 1875 conditionibus
1372 1816 1522 1874 inter
1563 1834 1626 1874 se
1668 1827 1865 1893 agunt,
1893 1816 2232 1893 longiorque
2261 1835 2383 1872 con·

331 1904 484 1962 sulto
529 1906 602 1963 ab
650 1906 992 1985 Ambiorige
1041 1908 1359 1966 instituitur
1401 1927 1611 1980 sermo,
1650 1908 1927 1983 paulatim
1969 1909 2391 1967 circumventus

333 1994 690 2056 interficitur.
772 1998 932 2056 Tum
961 2003 1095 2059 vero
1124 2020 1232 2058 suo
1267 2018 1428 2058 more
1468 1999 1767 2057 victoriam
1809 1999 2194 2071 conclamant,
2225 2011 2399 2073 atque

333 2087 614 2148 ululatum
642 2090 869 2163 tollunt,
892 2091 1225 2175 impetuque
1251 2092 1312 2149 in
1340 2103 1567 2150 nostros
1595 2092 1767 2163 facto,
1782 2092 2021 2149 ordines
2041 2091 2395 2175 perturbant.

336 2179 422 2240 Ibi
453 2182 518 2241 L.
549 2182 724 2242 Cotta
748 2204 1014 2263 pugnans
1041 2184 1384 2244 interficitur
1425 2204 1560 2243 cum
1602 2184 1854 2243 maxima
1899 2197 2062 2261 parte
2106 2183 2392 2256 militum3

332 2274 539 2351 reliqui
567 2294 630 2336 se
659 2276 719 2335 in
749 2287 936 2335 castra
962 2277 1271 2353 recipiunt,
1303 2278 1459 2336 unde
1486 2287 1652 2336 erant
1690 2276 1944 2354 egressi:
1989 2295 2061 2334 ex
2088 2277 2296 2350 quibus
2324 2277 2376 2336 L
2473 2270 2481 2280 ’

333 2367 688 2427 Petrosidius
718 2369 1002 2444 aquilifer,
1032 2389 1209 2444 quum
1238 2371 1449 2447 magna
1477 2368 1846 2427 multitudine
1887 2369 2136 2426 hostium
2175 2387 2372 2444 preme
2438 2411 2441 2416 -
2481 2414 2491 2425 .

332 2472 509 2533 retur,
541 2461 790 2535 aquilam
819 2461 969 2520 intra
996 2462 1207 2519 vallum
1234 2461 1496 2538 projecit,
1528 2460 1649 2537 ipse
1690 2480 1797 2537 pro
1839 2461 2043 2518 castris
2086 2460 2413 2543 fortissime·

329 2571 598 2631 pugnans
623 2554 927 2612 occiditur.
1012 2552 1105 2611 Illi
1133 2572 1286 2631 aegre
1314 2553 1386 2610 ad
1429 2564 1661 2611 noctem
1696 2553 2185 2629 oppugnationem
2226 2553 2396 2609 susti·

329 2655 507 2703 nent:
552 2657 730 2703 noctu
780 2646 850 2703 ad
899 2665 1078 2704 unum
1120 2663 1342 2716 omneS,
1371 2645 1675 2720 desparata
1722 2644 1926 2714 salute,
1956 2663 2018 2702 se
2068 2643 2174 2719 ipsi
2222 2644 2396 2701 inter·
2430 2710 2439 2723 ἢ
2498 2669 2505 2674 ·

330 2734 550 2794 ficiunt.
633 2736 837 2809 Pauci,
867 2756 938 2795 ex
976 2737 1181 2813 proelio
1221 2737 1422 2813 elapsi,
1452 2736 1689 2795 incertis
1732 2736 2035 2794 itineribus
2082 2754 2182 2811 per
2222 2735 2394 2794 silvas

331 2827 403 2884 ad
431 2827 507 2887 Τ.
539 2827 863 2886 Labienum
889 2829 1143 2905 legatum
1181 2828 1241 2886 in
1282 2829 1528 2887 hiberna
1566 2828 1926 2908 perv‘eniunt,
1958 2838 2127 2903 atque
2157 2845 2291 2885 eum
2319 2827 2405 2909 de

330 2919 503 2977 rebus
529 2920 707 2997 gestis
734 2920 1038 2979 certiorem
1067 2920 1303 2979 faciunt.

408 3010 764 3071 XXXVIII.
824 3012 957 3069 Hac
1012 3012 1253 3070 victoria
1317 3012 1578 3070 sublatus
1632 3011 1955 3083 Ambiorix,
2011 3011 2202 3069 statim
2255 3029 2392 3068 cum

329 3102 588 3178 equitatu
635 3103 696 3162 in
742 3104 1102 3176 Aduatucos,
1131 3104 1230 3180 qui
1279 3115 1443 3162 erant
1483 3104 1610 3180 ejus
1649 3123 1832 3181 regno
1858 3102 2106 3174 finitimi,
2136 3102 2394 3179 proficis-

330 3194 516 3266 citur;
560 3214 750 3270 neque
786 3207 1016 3254 noctem
1058 3214 1246 3270 neque
1286 3196 1442 3254 diem
1485 3196 1827 3266 intermittit,
1854 3195 2288 3271 peditatumque
2329 3213 2393 3252 se

328 3286 601 3361 subsequi
650 3287 829 3363 jubet.
938 3287 1037 3346 Re
1099 3288 1509 3359 demonstrata,
1566 3287 2007 3361 Aduatucisque
2062 3285 2389 3358 concitatiS,
2429 3351 2441 3366 ἶ

327 3389 557 3455 postero
605 3378 700 3437 die
728 3379 788 3436 in
830 3378 1079 3438 Nervios
1124 3380 1406 3455 pervenit,
1436 3380 1827 3454 hortaturque,
1873 3385 1888 3413 ‘
1914 3397 1986 3436 ne
2030 3377 2119 3434 sui
2166 3377 2225 3434 in
2264 3396 2392 3453 per-

326 3483 565 3546 petuum
593 3468 874 3529 liberandi
906 3483 1076 3545 atque
1104 3471 1427 3536 ulciscendi
1455 3471 1755 3529 Romanos
1774 3490 1880 3546 pro
1907 3470 1998 3540 iis,
2023 3488 2166 3543 quas
2188 3488 2390 3545 accep-

328 3563 497 3633 erint,
545 3563 766 3639 injuriis
812 3564 1180 3622 occasionem
1222 3564 1550 3621 dimittant:
1610 3562 1942 3622 interfectos
1987 3579 2121 3632 esse,
2169 3561 2390 3638 legatos

328 3655 463 3727 duo,
486 3674 866 3732 magnamque
891 3666 1109 3731 partem
1140 3655 1429 3714 exercitiis
1451 3654 1715 3713 interisse
1733 3657 1747 3683 '
1779 3641 2164 3721 demonstrat}
2210 3652 2385 3710 ‘nihil

328 3765 455 3805 esse
498 3749 734 3825 negotii,
777 3746 967 3805 subito
1012 3763 1340 3823 oppressam
1389 3747 1696 3824 legionem,
1739 3765 1866 3820 quae
1916 3763 2051 3802 cum
2099 3743 2389 3803 Cicerone

329 3837 561 3910 hiemet,
594 3839 871 3909 interfici3
902 3856 964 3898 se
989 3839 1060 3895 ad
1088 3858 1217 3897 eam
1243 3857 1364 3896 rem
1384 3840 1398 3865 '
1422 3837 1718 3914 profitetur
1740 3843 1757 3871 ‘
1780 3836 2134 3913 adjutorem.’
2219 3836 2388 3894 Faci-

329 3928 382 3982 Ιὲ
414 3930 522 3988 hac
550 3933 808 3991 oratione
836 3930 1070 3989 Nerviis
1094 3931 1417 4008 persuadet.

1859 4117 1897 4144 Κ
