2747 4376
366 289 446 347 50
1038 289 1134 336 m:
1181 289 1413 337 annno
1463 290 1780 337 GAmeo
2037 294 2191 354 qen».
2230 293 2419 339 13-15

368 447 653 487 remorum
670 430 995 506 p'raestaret5
1026 430 1265 507 reliqua,
1286 451 1394 508 pro
1419 432 1535 489 loci
1563 434 1787 505 natura,
1809 452 1914 509 pro
1929 434 1984 491 vi
2006 445 2432 509 tempestatum,

368 521 479 580 illis
506 534 697 588 essent
725 522 945 598 aptiora
970 532 1027 581 et
1066 523 1622 582 accommodatiora:
1663 543 1852 600 neque
1893 526 2049 582 enim
2090 525 2179 581 his
2218 537 2432 583 nostrae

365 624 549 670 rostro
573 631 785 670 nocere
812 624 1106 689 poterant;
1148 625 1309 672 tanta
1334 615 1395 672 in
1424 616 1510 673 eis
1536 625 1658 673 erat
1684 615 2003 673 firmitudo:
2047 635 2237 691 neque
2262 636 2432 693 prop-

362 715 448 762 ter
478 704 842 762 altitudinem·
878 704 1270 763 facile-telum
1320 706 1735 782 adjiciebatur3
1779 719 1838 765 et
1880 707 2086 768 eadem
2127 708 2201 765 de
2242 710 2428 769 causti

360 793 554 853 minus
609 794 975 854 incommode
1042 788 1296 875 icopulis
1349 798 1811 879 continebantur.
1921 799 2282 870 Accedebat,
2336 811 2424 871 ut,

360 905 538 962 quum
568 887 769 945 saevire
794 898 999 945 ventus
1026 888 1312 965 coepisset,
1340 899 1400 946 et
1440 908 1503 947 se
1541 900 1715 948 vento
1754 890 2066 961 dedissent,
2095 901 2156 948 et
2181 901 2423 967 tempes-

358 988 534 1036 tatem
579 978 793 1037 ferrent'
841 977 1090 1050 facilius,
1133 990 1192 1036 et
1236 980 1296 1036 in
1333 980 1506 1039 ,vadis
1554 981 1937 1044 consisterent
1980 980 2183 1053 tutius,
2225 993 2304 1054 et,
2349 984 2423 1040 ab

359 1079 501 1127 aestu
540 1069 851 1141 derelictae,
894 1070 1038 1128 nihil
1079 1089 1216 1127 saxa
1255 1081 1313 1129 et
1355 1083 1557 1129 cautes
1597 1072 1905 1132 timerent:
1947 1073 2187 1148 quarum
2229 1092 2420 1131 rerum

358 1161 617 1219 omnium
644 1161 854 1219 nostris
881 1162 1121 1243 navibus
1147 1180 1317 1219 casus
1344 1175 1510 1220 erant
1535 1163 1968 1222 extimescendi.
2270 1161 2321 1172 ““

437 1251 603 1310 XIV.
660 1252 1069 1328 Compluribus
1091 1254 1446 1331 ‚expugnatis
1486 1255 1730 1331 oppidis,
1760 1255 1957 1314 Caesar
1997 1256 2097 1314 ubi
2140 1256 2420 1317 intellexit

359 1341 568 1402 fi’ustra
622 1354 845 1403 tantum
901 1345 1154 1402 laborem
1208 1345 1379 1417 sumi,
1433 1364 1623 1420 neque
1677 1346 1929 1405 hostium
1986 1347 2178 1425 fugam
2234 1349 2422 1424 captis

343 1435 583 1512 oppidis
629 1436 881 1512 reprimi,
909 1454 1097 1511 neque
1140 1436 1229 1494 his
1271 1437 1470 1495 noceri
1514 1455 1707 1512 posse,
1730 1438 1931 1496 statuit
1973 1439 2418 1514 exspectandam

356 1528 616 1586 dasem.
696 1527 852 1591 Quae
882 1527 980 1585 ubi
1010 1529 1298 1600 convenit,
1330 1547 1399 1586 ac
1429 1526 1699 1604 primum,
1723 1530 1793 1586 ab
1835 1529 2098 1587 hostibus
2147 1530 2268 1588 visa
2309 1544 2417 1602 est,

355 1620 589 1677 circiter
634 1618 866 1676 CCXX
913 1638 1087 1676 naves
1135 1638 1333 1677 eorum
1371 1620 1745 1696 paratissimae
1796 1632 1966 1696 atque
2006 1621 2163 1678 omni
2202 1640 2420 1698 genere

357 1729 644 1770 armorum
671 1710 1068 1781 ornatissimae,
1094 1711 1364 1786 profectae
1407 1730 1476 1776 ex
1517 1723 1707 1787 portu,
1735 1712 1946 1770 nostris
1989 1712 2238 1770 adversae
2280 1731 2421 1770 con-

355 1802 660 1861 stiterunt:
710 1820 900 1877 neque
942 1801 1082 1859 satis
1125 1802 1326 1871 Bruto,
1372 1803 1472 1877 qui
1515 1803 1684 1861 classi
1725 1814 1991 1879 praeerat,
2035 1804 2126 1861 vel
2171 1804 2420 1862 tribunis

356 1894 602 1973 militum
627 1893 1197 1968 centurionibusque,
1220 1894 1429 1969 quibus
1455 1894 1696 1971 singulae
1718 1914 1894 1953 naves
1920 1906 2085 1968 erant
2107 1896 2415 1967 attributae,

356 1985 675 2057 constabat,
705 1985 843 2060 quid
873 1996 1126 2061 agerent,
1158 1996 1254 2043 aut
1282 2005 1453 2060 quam
1494 1987 1774 2043 rationem
1813 2005 2024 2063 pugnae
2065 1986 2412 2059 insisterent.

356 2076 573 2137 Rostro
625 2077 780 2137 enim
818 2077 1017 2135 noceri
1060 2096 1178 2134 non
1220 2096 1389 2152 posse
1437 2089 1825 2157 cognoverant
1836 2098 1871 2152 3,
1915 2077 2170 2136 turribus
2223 2089 2418 2138 autem

356 2168 640 2242 excitatis,
668 2178 862 2227 tamen
892 2169 994 2228 has
1023 2168 1264 2231 altitudo
1307 2169 1586 2245 puppium
1634 2188 1706 2235 ex
1746 2170 2004 2227 barbaris
2043 2171 2285 2229 navibus
2324 2191 2417 2229 su-

307 2279 316 2288 “
355 2262 611 2338 perabat,
653 2271 718 2320 ut
763 2280 951 2337 neque
994 2280 1066 2320 ex
1106 2261 1377 2332 inferiore
1420 2262 1551 2319 loco
1591 2260 1729 2320 satis
1757 2260 2058 2326 commode
2100 2262 2216 2320 tela
2243 2263 2413 2339 adjici
2480 2305 2485 2309 -

355 2365 607 2430 possent,
662 2363 721 2412 et
772 2355 947 2412 missa
1002 2354 1071 2411 ab
1123 2353 1308 2411 Gallis
1377 2351 1608 2431 gravius
1663 2353 2008 2412 acciderent.
2106 2353 2239 2411 Una
2291 2366 2414 2412 erat

355 2464 568 2524 magno
607 2445 739 2504 usui
785 2461 878 2504 res
914 2456 1231 2521 praeparata
1274 2462 1308 2501 a
1354 2445 1583 2516 nostris,
1613 2444 1790 2503 falces
1829 2455 2155 2520 praeacutae,
2185 2446 2412 2502 insertae

357 2537 652 2613 affixaque
678 2536 977 2614 longuriis,
1006 2555 1124 2593 non
1153 2535 1397 2594 absimili
1428 2536 1609 2593 forma
1637 2536 1941 2612 muralium
1965 2536 2216 2593 falcium.
2299 2536 2413 2594 His

353 2646 533 2708 ,quum
575 2629 760 2700 funes,
790 2628 888 2702 qui
931 2638 1209 2685 antennas
1259 2627 1328 2683 ad
1369 2627 1551 2684 malos
1599 2627 1983 2699 destinabant,
2013 2628 2409 2704 comprehensi

356 2719 706 2795 adductique
764 2729 946 2789 erant,
999 2718 1231 2794 navigio
1297 2719 1471 2775 remis
1536 2718 1795 2789 incitato,
1862 2720 2408 2794 praerumpebantur.

351 2810 591 2874 Quibus
636 2808 923 2880 abscissiS,
966 2818 1228 2886 antennae
1275 2806 1602 2864 necessario
1649 2807 2054 2880 concidebant,
2101 2821 2184 2881 ut,
2234 2830 2408 2885 quum

354 2902 541 2959 omnis
567 2900 809 2959 Gallicis
836 2900 1077 2957 navibus
1104 2917 1233 2974 spes
1261 2899 1321 2956 in
1348 2898 1491 2956 velis
1529 2899 2008 2974 armamentisque
2051 2902 2407 2969 consisteret.

354 2992 445 3050 his
470 2992 701 3068 ereptis,
729 2991 917 3049 omnis
943 3010 1081 3048 usus
1107 2989 1339 3047 navium
1378 3008 1497 3046 uno
1534 3001 1792 3064 tempore
1832 2991 2164 3066 eriperetur.
2248 2991 2407 3050 Reli-

301 3073 328 3128 κ’
354 3102 532 3158 quum
577 3094 701 3141 erat
754 3092 1047 3140 certamen
1090 3081 1340 3157 positum
1396 3100 1455 3138 m
1509 3082 1736 3153 virtute,
1794 3082 1907 3157 qua
1961 3083 2142 3144 nostri
2197 3084 2408 3144 milites

355 3173 525 3249 facile
554 3174 917 3251 superabant,
949 3183 1117 3247 atque
1158 3191 1229 3230 eo
1269 3171 1473 3249 magis,
1505 3171 1659 3247 quod
1701 3174 1761 3229 in
1803 3184 2118 3249 conspectu
2161 3174 2408 3233 Caesaris
2457 3233 2461 3238 .

355 3277 524 3341 atque
565 3266 753 3323 omnis
792 3263 1081 3323 exercitus
1126 3283 1218 3322 res
1260 3265 1584 3341 gerebatur,
1615 3273 1687 3322 ut*
1720 3265 1941 3322 nullum
1988 3266 2160 3341 paulo
2194 3267 2408 3326 ¹fortius

354 3358 570 3415 factum
611 3357 791 3415 latere
833 3367 1065 3432 possetf.
1124 3375 1325 3430 omnes
1367 3357 1539 3414 enim
1575 3357 1755 3437 colles
1800 3376 1867 3414 ac
1909 3357 2039 3414 loca
2092 3358 2405 3432 superiora,

353 3448 507 3506 unde
560 3458 683 3507 erat
733 3449 1090 3531 propinquus
1143 3448 1448 3525 despectus
1502 3449 1561 3506 in
1604 3467 1780 3519 mare,
1830 3449 1901 3506 ab
1947 3449 2204 3507 exercitu
2253 3461 2408 3508 tene-

353 3542 577 3599 bantur.
790 3528 800 3536 *
1526 3609 1537 3618 .
2461 3541 2467 3547 '

430 3631 565 3690 XV.
621 3630 898 3707 Dejectis,
928 3641 991 3688 ut
1017 3631 1284 3701 diximus,
1316 3619 1599 3702 antennis,
1630 3650 1805 3706 quum
1846 3631 2101 3708 singulas
2142 3632 2292 3689 binae
2339 3651 2405 3691 ac

353 3735 529 3781 ternae
556 3741 732 3781 naves
758 3723 1275 3793 circumsteterant,
1304 3723 1515 3780 milites
1543 3723 1766 3780 summa
1802 3722 1856 3779 vi
1897 3722 2306 3781 transcendere
2346 3725 2404 3781 in

356 3815 602 3873 hostium
656 3833 831 3872 naves
893 3813 1333 3871 contendebant.
1415 3813 1597 3874 Quod
1649 3825 1949 3888 postquam
2003 3815 2228 3871 barbari
2283 3816 2404 3873 fieri

388 3906 892 3978 nimadverterunt.
922 3905 1260 3981 expugnatis
1289 3904 1679 3990 compluribus
1718 3904 1978 3970 navibus,
2009 3924 2182 3978 quum
2225 3906 2277 3962 ei
2321 3907 2406 3964 rei
