2747 4376
325 268 406 318 cr
418 285 462 315 P.
489 271 730 335 70:1⁴2]
757 237 760 240 ¹
1024 238 1257 322 'mssa
1297 273 1674 324 summus.
2288 278 2398 335 143

412 411 604 472 LXX.
662 414 856 491 Opere
885 412 1163 487 institute,
1194 417 1256 474 fit
1297 428 1562 493 equestre
1601 419 1865 493 proelium
1913 419 1971 474 in
2021 418 2090 475 ea
2139 418 2396 493 planitie,

327 523 506 579 quam
538 506 920 582 intermissam
948 508 1193 566 collibus
1220 508 1312 565 III
1344 509 1525 567 millia
1562 528 1834 585 passuum
1878 509 1935 566 in
1980 509 2398 586 longitudinem

328 609 531 672 patere
558 597 732 674 supra
761 598 1294 659 demonstravimus.
1382 602 1623 658 Summa
1653 602 1707 658 vi
1752 602 1822 658 ab
1865 602 2121 676 utrisque
2165 613 2400 660 conten·

329 688 507 747 ditur.
590 690 1012 750 Laborantibus
1037 692 1247 750 nostris
1290 692 1487 750 Caesar
1528 693 1848 750 Germanos
1894 693 2196 764 submittit,
2224 693 2401 771 legio-

329 800 555 856 nesque
581 801 685 858 pro
711 783 913 860 castris
940 784 1257 855 constituit,
1287 802 1361 841 ne
1402 803 1515 859 qua
1550 783 1738 842 subito
1770 784 2009 860 irruptio
2037 784 2109 841 ab
2150 785 2398 843 hostium

319 873 594 949 «peditatu
622 874 736 932 fiat.
820 875 1099 939 Praesidio
1133 875 1428 953 legionum
1472 876 1685 948 addito,
1712 877 1923 933 nostris
1965 876 2189 934 animus
2230 894 2400 953 auge-

332 976 468 1032 tur:
513 967 724 1036 hostes,
755 966 1039 1044 infugam
1081 967 1351 1044 conjecti,
1382 986 1444 1025 se
1489 968 1595 1043 ipsi
1644 967 2010 1026 multitudine
2058 967 2396 1043 impediunt,

336 1069 513 1133 atque
542 1058 965 1135 angustioribus
991 1059 1170 1134 portis
1199 1059 1417 1117 relictis
1458 1070 1840 1125 coarctantur.
1923 1059 2081 1118 Turn
2122 1059 2399 1117 Germani

338 1148 535 1216 acrius
583 1168 763 1224 usque
810 1150 896 1211 ad,
937 1150 1287 1208 munitiones
1344 1161 1679 1226 sequuntur.
1780 1151 1877 1210 Fit
1930 1149 2139 1228 magna
2191 1150 2396 1209 caedes.

317 1232 646 1313 ‘Nonnulli‚
674 1242 890 1299 relictis
918 1243 1101 1316 equis,
1131 1242 1338 1300 fossam
1373 1242 1617 1300 transire
1658 1255 1715 1301 et
1754 1244 2064 1300 maceriam
2106 1254 2399 1301 transcen·

336 1332 477 1391 dere
526 1343 823 1390 conantur.
907 1321 1150 1392 Paulum
1195 1333 1452 1410 legiones
1494 1334 1709 1405 Caesar,
1752 1353 1894 1409 quas
1932 1353 2037 1410 pro
2078 1334 2225 1391 vallo
2265 1352 2399 1391 con·

336 1426 621 1497 stituerat,
664 1426 982 1500 promoveri
1016 1425 1197 1502 jubet.
1281 1425 1419 1483 Non
1462 1424 1674 1497 minus,
1712 1427 1809 1500 qui
1857 1427 2005 1484 intra
2052 1426 2399 1483 munitiones

336 1530 522 1588 erant,
550 1517 704 1575 Galli
731 1519 1171 1593 perturbantur3
1217 1518 1398 1575 veniri
1429 1517 1499 1574 ad
1540 1537 1601 1576 se
1643 1518 1944 1575 confestim
1989 1518 2398 1589 existimantes,

340 1609 412 1665 ad
447 1629 603 1666 arma
630 1609 1024 1679 conclamant;
1068 1609 1329 1666 nonnulli
1356 1610 1641 1685 perterriti
1673 1610 1732 1667 in
1760 1609 2034 1686 oppidum
2059 1610 2396 1685 irrumpunt.

340 1700 782 1778 Vercingetorix
806 1701 971 1777 jubet
995 1705 1189 1777 portas
1218 1700 1432 1772 claudi,
1462 1719 1538 1759 ne
1578 1713 1766 1759 castra
1807 1702 2110 1759 nudentur.
2195 1699 2399 1759 Multis

337 1793 677 1864 intersectiS,
706 1793 1097 1869 compluribus
1124 1793 1289 1868 equis
1318 1793 1522 1869 captis,
1550 1794 1823 1851 Germani
1853 1812 1979 1850 sese
2015 1793 2317 1869 recipiunt.

419 1885 641 1943 LXXI.
697 1885 1159 1962 Vercingetorix,
1205 1884 1539 1961 priusquam
1586 1886 1939 1943 munitiones
1988 1886 2058 1942 ab
2107 1884 2399 1943 Romanis

338 1977 727 2052 perficiantur,
771 1977 1076 2034 consilium
1120 1977 1294 2053 capit,
1343 1995 1574 2035 omnem
1625 1977 1697 2034 ab
1743 1996 1806 2035 se
1854 1978 2173 2053 equitatum
2219 1986 2399 2034 noctu

336 2069 642 2130 dimittere.
725 2069 1174 2127 Discedentibus
1222 2069 1477 2140 mandat,
1532 2078 1597 2126 ut
1643 2075 1659 2102 ‘
1684 2087 1846 2126 suam
1902 2069 2145 2144 quisque
2199 2086 2398 2126 eorum

337 2162 629 2222 civitatem
661 2162 846 2234 adeat,
873 2179 1207 2236 omnesque,
1235 2160 1333 2236 qui
1360 2179 1462 2237 per
1501 2171 1725 2219 aetatem
1772 2180 1928 2218 arma
1970 2161 2117 2219 serre
2157 2159 2399 2237 possint,

345 2255 416 2312 ad
443 2255 657 2313 bellum
687 2264 933 2331 cogant:
977 2273 1082 2311 sua
1110 2253 1168 2310 in
1197 2253 1326 2321 illos
1367 2253 1572 2310 merita
1593 2254 1607 2279 '
1637 2253 1922 2329 proponit,
1951 2253 2399 2327 obtestaturque,

336 2356 353 2383 ‘
375 2354 443 2406 'ut
469 2351 587 2405 suae
617 2347 816 2405 salutis
845 2345 1124 2404 rationem
1153 2345 1421 2412 habeant,
1451 2364 1565 2402 neu
1595 2362 1677 2415 se,
1706 2344 1779 2401 de
1808 2343 2100 2401 communi
2137 2343 2401 2401 libertate

335 2438 553 2516 optime
585 2430 871 2509 meritum,
902 2437 962 2496 in
991 2437 1312 2495 cruciatum
1354 2437 1613 2494 hostibus
1654 2436 1903 2493 dedant:
1948 2433 2102 2508 quod
2144 2434 2192 2491 si
2235 2432 2402 2490 indil-

337 2532 651 2609 igentiores
680 2530 910 2601 fuerint,
941 2529 1122 2587 millia
1150 2528 1448 2586 hominum
1491 2528 1729 2585 delecta
1755 2526 1991 2584 LXXX
2035 2525 2153 2582 una
2199 2543 2399 2582 secum

336 2624 672 2683 interitura'
722 2623 1112 2680 demonstrat:
1172 2626 1188 2653 ‘
1215 2620 1436 2679 ratione
1480 2619 1645 2690 inita,
1672 2619 2043 2676 ·fiumentum
2087 2635 2149 2674 se
2189 2615 2398 2694 exigue

337 2716 564 2773 dierum
605 2710 792 2772 XXX
834 2713 1067 2784 habere,
1096 2712 1198 2770 sed
1239 2709 1413 2788 paulo
1462 2712 1636 2768 etiam
1677 2708 1908 2787 longius
1950 2708 2195 2766 tolerare
2232 2727 2401 2784 posse

333 2807 666 2884 parcendo!
751 2805 864 2863 His
892 2804 1041 2863 datis
1080 2803 1385 2875 mandatiS,
1414 2803 1527 2878 qua
1570 2800 1692 2860 erat
1738 2815 1993 2859 nostrum
2044 2820 2187 2876 opus
2231 2801 2400 2858 inter·

335 2900 598 2970 missum,
627 2897 882 2956 secunda
911 2896 1108 2973 vigilia
1137 2895 1367 2953 silentio
1394 2895 1711 2970 equitatum
1741 2893 2007 2950 dimittit:
2052 2892 2400 2949 frumentum

334 3010 511 3050 omne
541 2990 612 3047 ad
640 3008 702 3048 se
731 2989 863 3047 ferri
897 2988 1092 3064 jubet3
1136 2986 1343 3063 capitis
1383 3005 1610 3062 poenam
1654 2985 1742 3069 iis,
1773 2984 1871 3059 qui
1920 3004 2031 3041 non
2084 2984 2400 3059 paruerint,

338 3083 678 3141 constituit:
732 3100 932 3158 pecuS,
983 3080 1149 3156 cujus
1191 3098 1404 3156 magna
1445 3089 1568 3136 erat
1613 3078 1683 3135 ab
1727 3076 2063 3133 Mandubiis
2107 3075 2403 3150 compulsa

340 3176 529 3252 copia,
559 3175 769 3232 viritim
811 3172 1138 3243 distribuit3
1181 3172 1533 3229 frumentum
1577 3167 1752 3246 parce
1798 3179 1855 3226 et
1897 3167 2171 3243 paulatim
2214 3166 2399 3224 metiri

342 3268 624 3337 instituit3
669 3265 865 3343 copias
892 3282 1112 3335 omnes,
1141 3282 1284 3338 quas
1316 3280 1423 3338 pro
1462 3261 1674 3338 oppido
1715 3260 2114 3330 collocaverat,
2145 3258 2204 3316 in
2245 3258 2403 3334 oppi-

343 3361 478 3418 dum
505 3358 729 3434 recipit.
814 3356 926 3414 His
952 3355 1272 3413 rationibus
1314 3352 1527 3411 auxilia
1564 3352 1768 3410 Galliae
1810 3363 2141 3427 exspectare
2188 3362 2246 3408 et
2289 3350 2404 3408 bel·

344 3470 460 3510 ‚nm
492 3451 888 3508 administrare
914 3460 1092 3524 parat.

420 3541 675 3601 LXXII.
728 3541 967 3602 Quibus
996 3540 1166 3597 rebus
1193 3556 1264 3596 ex
1290 3537 1548 3613 perfugis
1566 3546 1625 3594 et
1652 3535 1891 3611 captivis
1909 3535 2176 3611 cognitis,
2206 3533 2402 3589 Coesar

347 3654 465 3692 naec
493 3653 707 3711 genera
733 3631 1071 3690 munitionis
1111 3630 1373 3688 instituit.
1458 3628 1698 3685 Fossam
1747 3626 1958 3702 pedum
2001 3625 2123 3682 XX
2165 3624 2398 3681 directis

345 3727 615 3785 lateribus
669 3724 849 3795 duxit,
908 3735 970 3780 ut
1022 3722 1145 3798 ejus
1197 3722 1383 3779 solum
1437 3719 1774 3779 tantundem
1826 3728 2065 3793 pateret,
2120 3712 2399 3788 quantum

345 3837 566 3876 summa
617 3817 779 3874 labra
831 3815 1136 3872 distabant.
1221 3812 1505 3887 Reliquas
1548 3829 1748 3867 omnes
1802 3808 2150 3864 munitiones
2205 3805 2275 3861 ab
2330 3805 2400 3862 ea

346 3910 497 3969 sossi
541 3909 717 3984 pedes
764 3906 875 3963 CD
916 3905 1178 3963 reduxit:
1240 3904 1298 3961 id
1353 3904 1465 3961 hoc
1515 3901 1777 3965 consilio,
1833 3897 2133 3973 (quoniam
2177 3907 2398 3953 tantum
