2747 4376
330 260 410 320 82
990 257 1084 308 ns
1130 256 1364 308 nsum
1413 258 1734 310 GAmeo
2026 259 2187 321 [cn.
2219 260 2301 321 26,
2322 260 2406 308 2⁷.

333 412 625 461 venerunt.
707 401 913 463 Quum
958 402 1221 460 celeriter
1270 403 1451 461 nostri
1507 421 1666 460 arma
1708 402 2016 478 cepissent,
2072 403 2403 478 vallumque

332 493 744 564 ascendissent,
777 506 966 567 atque,
1019 498 1132 551 una
1176 513 1247 552 ex
1288 505 1452 571 parte
1497 494 1775 569 Hispanis
1818 495 2109 569 equitibus
2154 494 2400 565 emissis,

328 584 578 659 equestri
605 572 809 660 proelio
836 585 1158 660 superiores
1187 570 1448 657 fuissent,
1478 587 1777 662 desperata
1809 604 1890 657 re,
1921 586 2116 643 hostes
2147 605 2283 642 suos
2325 587 2399 643 ab

327 678 753 753 oppugnatione
781 677 1146 736 reduxerunt.
1230 677 1391 748 Tum
1419 698 1525 735 suo
1551 696 1711 735 more
1752 678 2278 749 conclamaverunt,
2309 676 2393 738 uti

328 754 504 842 aliqui
533 786 602 825 ex
644 769 854 825 nostris
898 769 969 825 ad
1011 769 1362 843 colloquium
1403 770 1731 845 prodirent3
1777 777 1791 801 ‘
1815 769 2049 844 Habere
2088 789 2235 841 sese,
2266 790 2392 844 quae

325 858 398 916 de
428 878 488 917 re
517 861 807 917 communi
839 862 1035 919 dicere
1062 861 1291 932 vellent,
1321 860 1531 936 quibus
1559 862 1732 919 rebus
1761 862 2179 919 controversias
2206 863 2392 920 minui

322 968 491 1026 posse
519 954 846 1027 sperarent!

403 1042 664 1113 XXVII.
727 1043 976 1101 Mittitur
1026 1044 1097 1101 ad
1139 1063 1240 1102 eos
1293 1043 1661 1119 colloquendi
1710 1044 1886 1101 causa
1934 1044 2003 1101 C.
2050 1044 2386 1119 Arpineius,

323 1150 501 1209 eques
542 1134 867 1207 Romanus,
913 1135 1210 1193 familiaris
1254 1135 1337 1198 Q.
1381 1135 1621 1207 Titurii,
1663 1146 1723 1194 et
1765 1135 1848 1197 Q.
1880 1135 2092 1193 Junius
2140 1155 2213 1194 ex
2255 1135 2389 1194 His-

321 1225 495 1300 pania
550 1226 804 1301 quidam,
855 1228 951 1302 qui
994 1226 1113 1303 jam
1162 1226 1294 1284 ante
1339 1228 1518 1285 missu
1575 1228 1823 1285 Caesaris
1872 1226 1943 1284 ad
1986 1227 2385 1305 Ambiorigem

321 1317 603 1376 ventitare
644 1329 1058 1377 consueverat:
1104 1319 1253 1394 apud
1301 1338 1446 1394 quos
1488 1319 1795 1376 Ambiorix
1839 1319 1911 1376 ad
1953 1319 2110 1376 hunc
2151 1320 2385 1377 modum

321 1407 552 1467 locutus
599 1420 722 1469 est:
769 1418 782 1443 ‘
811 1412 956 1469 Sese
997 1429 1102 1486 pro
1143 1411 1392 1468 Caesaris
1434 1411 1494 1468 in
1533 1429 1597 1469 se
1637 1410 1936 1469 beneficiis
1977 1411 2287 1487 plurimum
2331 1412 2383 1469 ei

322 1501 583 1560 confiteri
612 1502 842 1580 debere,
874 1503 1029 1577 quod
1056 1501 1182 1578 ejus
1209 1502 1385 1578 opera
1413 1502 1701 1578 stipendio
1727 1503 2003 1561 liberatus
2031 1512 2200 1574 esset,
2231 1503 2386 1577 quod

321 1592 647 1651 Aduatucis
677 1593 934 1652 finitimis
961 1595 1082 1651 suis
1109 1594 1359 1669 pendere
1389 1592 1744 1666 consuesset,
1766 1593 2038 1670 quodque
2065 1596 2119 1652 ei
2148 1606 2206 1653 et
2233 1595 2387 1653 filius

321 1693 379 1741 et
408 1684 594 1742 fratris
635 1684 786 1742 filius
815 1685 887 1742 ab
927 1684 1157 1742 Caesare
1201 1686 1423 1743 remissi
1464 1696 1675 1758 essent,
1704 1705 1849 1761 quos
1890 1686 2205 1757 Aduatuci,
2236 1687 2388 1745 obsi-

320 1775 459 1833 dum
488 1794 729 1833 numero
757 1776 979 1848 missos,
1010 1777 1160 1853 apud
1187 1796 1250 1835 se
1279 1777 1338 1835 in
1367 1777 1641 1835 servitute
1667 1788 1725 1835 et
1766 1777 1986 1835 catenis
2024 1778 2381 1838 tenuissent:

320 1884 511 1942 neque
538 1866 618 1938 id,
647 1868 800 1942 quod
832 1867 1030 1926 fecerit
1072 1868 1146 1927 de
1186 1868 1616 1946 oppugnatione
1658 1880 1996 1941 castrorum,
2029 1880 2126 1927 aut
2159 1869 2387 1945 judicio

322 1970 420 2016 aut
449 1958 740 2017 voluntate
767 1960 870 2018 suti
901 1960 1126 2036 fecisse,
1156 1961 1258 2019 sed
1288 1974 1494 2019 coactu
1525 1960 1803 2031 civitatis3
1846 1979 2065 2035 suaque
2086 1980 2212 2019 esse
2238 1963 2388 2038 ejus-

320 2050 476 2108 modi
506 2051 765 2126 imperia,
796 2064 857 2110 ut
887 2072 1002 2110 non
1031 2050 1223 2110 minus
1252 2053 1487 2110 haberet
1508 2052 1655 2129 juris
1682 2053 1742 2110 in
1770 2071 1832 2110 se
1859 2053 2187 2124 multitudo,
2210 2048 2385 2128 quain

323 2141 444 2218 ipse
473 2143 531 2202 in
562 2143 1005 2204 multitudinem.
1088 2145 1324 2204 Civitati
1351 2144 1523 2221 porro
1555 2144 1704 2202 hanc
1734 2144 1909 2202 fuisse
1950 2145 2085 2207 belli
2127 2164 2383 2219 causam,

321 2235 476 2311 quod
507 2238 819 2312 repentinae
857 2238 1156 2296 Gallorum
1206 2237 1589 2314 conjurationi
1635 2237 1916 2295 resistere-
1937 2255 2053 2295 non
2093 2241 2382 2315 potuerit:

321 2318 472 2387 id·se
500 2327 668 2387 facile
699 2348 768 2388 ex
800 2329 1121 2388 humilitate
1147 2330 1253 2387 sua
1279 2331 1524 2405 probare
1553 2347 1739 2404 posse,
1769 2329 1925 2403 quod
1965 2349 2082 2387 non
2127 2328 2269 2389 adeo
2308 2332 2385 2389 sit

322 2418 618 2495 imperitus
647 2441 856 2493 rerum,
889 2434 951 2480 ut
979 2422 1099 2479 suis
1126 2422 1308 2497 copiis
1333 2421 1607 2497 populum
1648 2420 1980 2477 Romanum
2010 2440 2072 2479 se
2113 2440 2385 2497 superare

318 2530 487 2587 posse
517 2513 796 2572 confidat:
841 2514 943 2572 sed
972 2533 1097 2572 esse
1136 2513 1339 2571 Galliae
1384 2530 1692 2570 commune
1733 2511 2071 2582 consilium;
2114 2514 2384 2571 omnibus

321 2604 577 2662 hibernis
605 2606 853 2663 Caesaris
881 2604 1281 2683 oppugnandis
1323 2604 1479 2662 hunc
1521 2622 1647 2662 esse
1689 2604 1908 2678 dictum
1949 2604 2123 2676 diem,
2152 2624 2227 2663 ne
2269 2624 2385 2679 qua

320 2696 474 2773 legio
503 2697 694 2753 alterae
735 2697 951 2774 legioni
997 2696 1255 2753 subsidio
1295 2697 1490 2753 venire
1531 2706 1763 2772 posset:
1806 2714 1922 2751 non
1967 2693 2135 2753 facile
2183 2697 2383 2755 Gallos

318 2787 504 2845 Gallis
532 2805 744 2863 negare
787 2788 1061 2863 potuisse,
1090 2787 1403 2862 praesertim
1449 2806 1625 2862 quum
1670 2787 1742 2845 de
1791 2788 2183 2862 recuperanda
2228 2807 2383 2846 com-

319 2878 481 2940 muni
526 2878 792 2936 libertate
835 2878 1140 2936 consilium
1188 2879 1395 2937 initum
1445 2878 1749 2936 videretur.
1829 2878 2067 2941 Quibus
2109 2879 2381 2954 quoniam

318 2989 424 3046 pro
448 2970 663 3045 pietate
691 2970 1054 3043 satisfecerit,
1084 2971 1297 3029 habere
1325 2989 1388 3028 se
1415 2990 1573 3027 nunc
1601 2970 1884 3028 rationem
1912 2969 2086 3028 officii
2113 2989 2219 3046 pro
2245 2972 2383 3029 ben-

318 3060 503 3120 eficiis
546 3061 793 3120 Caesaris
815 3079 843 3132 3·
873 3081 1129 3134 monere,
1169 3081 1334 3121 orare
1373 3059 1669 3119 Titurium
1715 3081 1821 3137 pro
1862 3061 2128 3136 hospiti0,
2157 3073 2222 3119 ut
2262 3082 2381 3121 suae

320 3171 389 3210 ac
417 3151 663 3210 militum
692 3153 861 3211 saluti
891 3154 1192 3211 consulat:
1235 3171 1501 3231 magnam
1534 3172 1767 3210 manum
1795 3153 2215 3210 Germanorum
2241 3163 2383 3211 con·

317 3243 552 3300 ductam
590 3244 868 3303 Rhenum
907 3243 1216 3316 transisse5
1260 3245 1412 3302 hanc
1457 3244 1630 3302 affore
1674 3244 1865 3301 biduo.
1950 3243 2211 3319 Ipsorum
2252 3264 2381 3304 esse

318 3334 647 3407 consilium,
693 3336 944 3394 velintne
984 3336 1166 3413 priuS,
1221 3335 1394 3411 quam
1437 3336 1667 3393 finitimi
1710 3336 1979 3407 sentiant,
2029 3336 2269 3394 eductos
2307 3356 2380 3394 ex

316 3425 572 3485 hibernis
599 3428 810 3484 milites
840 3440 937 3486 aut
966 3429 1036 3485 ad
1065 3429 1411 3487 Ciceronem
1451 3438 1548 3485 aut
1592 3428 1661 3485 ad
1703 3428 2023 3486 Labienum
2067 3428 2374 3500 deducere,

316 3538 558 3595 quorum
590 3519 729 3576 alter
758 3519 939 3576 millia
962 3539 1233 3595 passuum
1262 3520 1495 3578 circiter
1524 3519 1593 3591 L,
1627 3521 1766 3577 alter
1806 3519 1981 3594 paulo
2022 3517 2267 3594 amplius
2305 3520 2377 3576 ab
2433 3567 2438 3572 .

314 3611 405 3669 his
435 3610 596 3669 absit.
680 3611 834 3668 Illud
875 3630 937 3669 se
976 3611 1256 3686 polliceri,
1287 3623 1345 3669 et
1383 3611 1756 3687 jurejurando
1800 3607 2158 3681 confirmare,
2187 3621 2379 3668 tutum

314 3703 422 3761 iter
448 3721 550 3778 per
578 3702 721 3760 fines
749 3723 882 3760 suos
911 3703 1212 3774 daturum;
1256 3705 1407 3778 quod
1452 3722 1628 3778 quum
1672 3701 1864 3772 faciat,
1894 3711 1952 3758 et
1993 3701 2211 3759 civitati
2252 3721 2379 3760 sese

315 3795 637 3868 consulere,
667 3794 822 3872 quod
851 3796 1106 3853 hibernis
1131 3795 1370 3865 levetur,
1394 3806 1452 3852 et
1480 3792 1697 3851 Caesari
1722 3812 1829 3868 pro
1855 3792 1979 3868 ejus
2005 3792 2226 3851 meritis
2252 3813 2378 3871 gra-

313 3885 452 3944 tiam
481 3887 728 3946 referre!
815 3887 947 3945 Hac
975 3886 1232 3946 oratione
1260 3885 1477 3955 habita,
1506 3884 1752 3956 discedit
1780 3883 2085 3941 Ambiorix
