2747 4376
367 314 498 358 Lu.
532 311 758 372 31—33.]
1075 311 1287 360 LIBER
1331 312 1729 362 SECUNDUS.
2356 318 2436 377 43

364 454 515 512 nova
566 441 738 529 atque
768 454 1043 512 inusitata
1074 447 1282 532 specie
1322 457 1617 528 commoti,
1648 456 1867 534 legatos
1912 457 1983 514 ad
2026 457 2320 516 Caesarem
2361 460 2436 519 de

364 565 511 621 pace
541 549 838 619 miserunt,
867 547 987 622 qui,
1013 547 1082 604 ad
1113 547 1270 605 hunc
1291 549 1533 606 modum
1560 549 1773 608 locuti:
1818 557 1832 582 ‘
1851 548 1989 607 Non
2016 568 2080 608 se
2106 550 2434 611 existimare

367 637 672 697 Romanos
699 640 824 697 sine
864 658 975 715 ope
1015 640 1212 697 divina
1257 641 1472 698 bellum
1510 659 1731 718 gerere,
1760 641 1860 716 qui
1899 652 2074 700 tantae
2117 643 2434 702 altitudinis

366 731 843 789 machinationes·
865 732 1027 789 tanta
1075 732 1369 791 celeritate
1412 751 1747 809 promovere
1799 744 1878 791 et·
1897 752 1969 791 ex
2005 735 2432 810 propinquitate

364 840 626 899 pugnare
650 836 916 900 possent:
960 842 1023 882 se
1048 840 1269 899 suaque
1296 826 1494 883 omnia
1529 843 1729 883 eorum
1763 826 2032 901 potestati
2070 828 2427 903 permittere'

365 916 651 975 dixerunt.
735 924 749 949 ‘
773 915 969 974 Unum
996 927 1193 992 petere
1235 936 1304 974 ac
1345 917 1681 992 deprecari:
1724 918 1773 975 si
1822 916 1967 976 forte
2013 937 2119 994 pro
2164 919 2270 977 sua
2317 921 2433 979 cle-

363 1008 585 1067 mentia
616 1027 684 1066 ac
712 1008 1174 1080 mansuetudine,
1205 1028 1377 1083 quarn
1409 1009 1517 1085 ipsi
1547 1010 1618 1066 ab
1661 1009 1787 1067 aliis
1829 1009 2112 1082 audirent,
2140 1012 2432 1072 statuisset

365 1101 711 1159 Aduatucos
757 1119 883 1159 esse
931 1101 1377 1173 conservandos,
1424 1119 1500 1159 ne
1547 1120 1610 1159 se
1658 1102 1829 1159 armis
1887 1103 2261 1179 despoliaret:
2319 1105 2429 1164 sibi

363 1212 569 1251 omnes
598 1192 717 1251 fere
744 1194 1022 1251 finitimos
1061 1212 1190 1251 esse
1232 1193 1520 1266 inimicos,
1552 1213 1621 1251 ac
1666 1214 1783 1252 suae
1828 1194 2025 1253 virtuti
2066 1196 2352 1268 invidere3
2398 1217 2429 1256 a

364 1286 576 1361 quibus
604 1305 665 1344 se
693 1285 1022 1357 defendere,
1045 1285 1271 1344 traditis
1301 1287 1492 1358 armiS,
1514 1305 1631 1344 non
1657 1299 1907 1363 possent.
1992 1287 2117 1345 Sibi
2139 1302 2428 1363 praestare,

363 1379 415 1435 si
446 1378 505 1435 in
534 1397 666 1436 eum
695 1397 893 1436 casum
922 1378 1367 1450 deducerentur,
1398 1380 1658 1454 quamvis
1694 1379 1982 1436 fortunam
2013 1397 2047 1436 a
2070 1380 2284 1456 populo
2310 1380 2433 1439 Ro-

365 1489 541 1528 mano
565 1472 702 1546 pati,
732 1469 905 1546 quam
936 1471 1007 1527 ab
1036 1471 1126 1528 his
1152 1489 1255 1546 per
1285 1472 1609 1528 cruciatum
1638 1471 1904 1542 interfici,
1928 1471 2076 1529 inter
2103 1490 2247 1547 quos
2274 1473 2431 1532 dom-

318 1564 323 1569 ’
363 1562 515 1620 inari
543 1563 979 1621 consuessent&

445 1654 710 1714 XXXII.
768 1656 863 1712 Ad
893 1655 1018 1712 haec
1046 1654 1241 1712 Caesar
1269 1654 1564 1730 respondit
1588 1674 1601 1712 ε
1644 1661 1662 1687 ‘
1686 1655 1766 1712 Se
1793 1655 1978 1731 magis
2006 1656 2429 1717 consuetudine

361 1748 470 1804 susi
499 1746 670 1822 quam
697 1748 905 1805 m'erito
931 1766 1128 1804 eorum
1158 1747 1450 1805 civitatem
1474 1752 1963 1818 conservaturum,
1986 1748 2036 1806 si
2063 1747 2225 1824 prius
2253 1748 2425 1824 quarn

361 1859 591 1897 murum
635 1840 782 1898 aries
825 1841 1147 1917 attigisset,·
1170 1858 1233 1897 se
1275 1838 1666 1904 dedidissentz
1708 1838 1810 1897 sed
1858 1839 2169 1899 deditionis
2208 1841 2424 1900 nullam

360 1951 491 1990 esse
533 1932 945 2003 conditionem,
990 1932 1115 1989 nisi·
1151 1932 1322 1989 armis
1365 1931 1625 2003 traditis:
1658 1950 1721 1989 se
1765 1932 1843 2004 id,
1893 1933 2064 2008 quod*
2090 1933 2151 1991 in
2194 1932 2429 1992 Nerviis

363 2025 612 2097 fecisset,
644 2024 949 2096 facturum,
976 2024 1351 2099 finitimisque
1380 2024 1812 2100 imperaturum,
1835 2044 1910 2082 ne
1937 2045 2109 2100 quam
2149 2025 2428 2084 dedititiis

360 2119 570 2196 populi
621 2117 907 2175 Romani
942 2116 1208 2194 injuriam
1266 2117 1579 2174 inferrent!
1662 2116 1760 2174 Re
1814 2118 2090 2175 nunciata
2146 2118 2217 2175 ad
2270 2134 2406 2176 suos

363 2218 380 2245 ‘
401 2230 528 2286 quae
569 2211 1005 2286 imperarentur,
1037 2210 1228 2267 facere
1250 2211 1264 2237 '
1309 2209 1594 2269 dixerunt.
1627 2236 1631 2240 ·
1680 2210 1991 2268 Armorum
2032 2211 2242 2287 magna
2283 2212 2427 2268 mul-

362 2304 609 2363 titudine
637 2304 709 2360 de
737 2303 1005 2360 muroin
1047 2303 1277 2373 fossam,
1307 2321 1435 2376 quae
1478 2312 1620 2359 erat·
1644 2311 1775 2358 ante
1815 2301 2109 2377 oppidum,
2132 2303 2310 2378 jacta,
2339 2303 2427 2361 sic

363 2408 428 2455 ut
454 2414 629 2472 prope
657 2414 938 2453 summam
968 2394 1117 2452 muri
1147 2387 1488 2471 aggerisque
1516 2392 1875 2451 altitudinem
1907 2395 2096 2451 acervi
2139 2413 2423 2454 armorum
2452 2399 2516 2450 *x

364 2489 760 2565 adaequarent3
804 2497 862 2544 et
887 2498 1081 2545 tamen
1123 2486 1354 2543 circiter
1394 2497 1557 2562 parte
1596 2484 1788 2555 tertia,
1818 2495 1882 2541 ut
1921 2497 2119 2559 postea
2162 2503 2427 2561 perspec-

361 2591 483 2639 tum
514 2591 619 2652 est,
649 2580 836 2638 celata
866 2590 1035 2654 atque
1064 2578 1125 2635 in
1154 2578 1366 2655 oppido
1391 2578 1636 2648 retenta,
1665 2578 1846 2653 portis
1883 2576 2204 2652 patefactiS,
2234 2595 2312 2635 eo
2331 2578 2426 2636 die

361 2693 507 2750 pace
536 2683 667 2730 sunt
696 2673 802 2731 usi.

440 2764 737 2824 XXXIII.
796 2764 920 2821 Sub
946 2781 1249 2839 vesperum
1277 2762 1474 2819 Caesar
1513 2772 1706 2837 portas
1747 2761 1959 2832 claudi,
1990 2760 2313 2836 militesque
2353 2781 2425 2821 ex

360 2858 573 2934 oppido
599 2858 755 2914 exire
777 2856 967 2933 jussit,
998 2873 1072 2912 ne
1100 2874 1269 2932 quam
1308 2865 1487 2911 noctu
1526 2853 1797 2930 oppidani
1843 2854 1914 2909 ab
1957 2853 2234 2910 militibus
2281 2853 2426 2930 inju-

362 2952 505 3008 riam
549 2950 894 3025 acciperent.
978 2946 1091 3018 Illi,
1138 2946 1270 3004 ante
1321 2946 1485 3018 inite,
1514 2957 1579 3003 ut
1621 2946 1978 3003 intellectum
2023 2957 2129 3016 est,
2159 2946 2422 3018 consili0,

361 3042 534 3118 quod,
565 3042 857 3100 deditione
885 3040 1060 3111 facta,
1090 3050 1314 3096 nostros
1340 3039 1608 3114 praesidia
1634 3038 2006 3107 deducturos,
2038 3048 2134 3094 aut
2174 3037 2424 3113 denique

362 3134 757 3212 indiligentius
786 3143 1110 3191 servaturos
1146 3131 1530 3202 crediderant,
1558 3131 1765 3206 partim
1805 3149 1939 3187 cum
1981 3129 2089 3200 his,
2120 3149 2247 3203 quae
2291 3132 2425 3188 reti·

360 3237 603 3285 nuerant
631 3237 689 3285 et
717 3226 1061 3297 celaverant,
1093 3225 1284 3294 armis,
1312 3223 1520 3299 partim
1563 3224 1741 3280 scutis
1783 3240 1853 3279 ex
1882 3223 2100 3284 cortice
2131 3222 2297 3279 factis
2327 3234 2423 3280 aut

360 3320 668 3378 viminibus
696 3319 949 3389 intextiS,
979 3337 1106 3393 quoe
1134 3314 1346 3387 subito,
1382 3327 1443 3373 ut
1470 3315 1742 3390 temporis
1769 3314 2053 3390 exiguitas
2079 3314 2421 3389 postulabat,

359 3412 603 3490 pellibus
632 3410 994 3480 induxerant,
1024 3409 1193 3466 tertia
1223 3408 1441 3486 vigilia,
1471 3406 1585 3483 qua
1635 3405 1873 3463 minime
1926 3407 2135 3462 arduus
2181 3406 2252 3462 ad
2295 3426 2424 3463 nos-

2444 2675 2530 2687 ⁵2-—

359 3516 475 3562 tras
503 3503 852 3561 munitiones
882 3521 1152 3559 ascensus
1181 3500 1499 3571 videbatur,
1529 3500 1796 3556 omnibus
1843 3499 2027 3573 copiis
2073 3497 2309 3573 repente
2352 3517 2424 3556 ex
2496 3501 2508 3511 ‘

359 3596 569 3672 oppido
597 3595 954 3671 eruptionem
986 3594 1261 3652 fecerunt.
1347 3593 1649 3662 Celeriter,
1681 3601 1744 3648 ut
1774 3587 1906 3648 ante
1944 3591 2139 3647 Caesar
2182 3591 2424 3665 impera-

361 3701 465 3761 rat,
495 3689 728 3766 ignibus
769 3673 1188 3763 significatione
1233 3685 1404 3756 sacta,
1435 3703 1505 3741 ex
1551 3685 1825 3760 proximis
1869 3683 2120 3740 castellis
2168 3682 2239 3738 εό
2288 3700 2425 3738 con·

360 3800 591 3839 cursum
620 3790 727 3851 est,
755 3789 1188 3855 pugnatumque
1219 3779 1289 3833 ab
1318 3778 1577 3834 hostibus
1621 3778 1698 3834 ita
1740 3776 1967 3845 acriter,
1998 3785 2062 3830 ut
2081 3789 2123 3829 ’a
2150 3772 2286 3830 viris
2314 3773 2424 3830 for-

361 3875 512 3932 tibus
555 3874 616 3930 in
664 3872 918 3930 extrema
962 3890 1062 3947 spe
1108 3870 1327 3940 salutis,
1376 3869 1576 3943 iniquo
1624 3869 1775 3938 1000,
1810 3876 2012 3923 contra
2051 3882 2170 3936 ece,
2210 3864 2307 3940 qui
2352 3882 2422 3922 ex

361 3967 506 4024 vallo
548 3965 915 4039 turribusque
959 3963 1072 4021 tela
1115 3963 1394 4038 jacerent,
1423 3960 1670 4038 pugnari
1720 3959 1937 4026 debuit,
1977 3975 2153 4029 quum
2202 3957 2260 4014 in
2306 3956 2421 4013 una

1316 4097 1343 4112 ‘⁴‘
1585 4099 1592 4118 ῑ
1683 4116 1694 4132 x
1890 4123 1898 4136 ‚
1987 4085 2000 4124 l*
2033 4107 2040 4126 e
