2747 4376
359 327 469 385 130
976 322 1071 372 DE
1115 323 1348 373 annno
1397 322 1716 372 GAhLItJO
2018 322 2178 387 [cn.
2210 320 2420 370 38-4u-

351 468 463 544 jam
497 467 567 525 ad
594 487 700 525 nos
728 466 1155 526 interficiendos
1183 467 1572 525 concurrant'l
1655 465 1924 536 Proinde,
1953 465 2000 522 si
2046 464 2187 540 quid
2226 465 2315 521 est
2357 463 2418 520 in

353 560 519 616 nobis
582 558 777 628 animi,
820 576 1228 633 persequamur
1282 576 1483 616 eorum
1535 568 1798 639 mortem,
1854 556 1952 631 qui
2009 552 2416 632 indignissime

355 651 709 721 interierunt,
743 660 911 724 atque
952 649 1056 707 hos
1094 650 1344 707 latrones
1389 648 1854 706 interficiamus.”
1937 646 2211 703 Ostendit
2260 646 2417 703 cives

354 740 670 812 RomanOS,
700 741 796 816 qui
826 741 960 816 ejus
975 741 1223 815 praesidii
1252 740 1467 797 fiducia
1498 738 1615 796 una
1656 752 1835 796 erant.
1918 736 2215 796 Continuo
2259 757 2418 813 mag-

352 850 488 888 num
518 851 819 892 numerum
852 831 1121 889 frumenti
1151 832 1618 906 commeatusque
1662 830 1875 906 diripit,
1907 830 2060 906 ipsos
2101 828 2416 886 crudeliter

352 924 711 980 excruciatos
738 922 1046 982 interficit:
1090 923 1334 979 nuncios
1360 923 1481 980 tota
1523 922 1753 980 civitate
1795 922 2118 979 AEduorum
2155 919 2415 990 dimittit,

352 1014 554 1073 eodem
609 1015 912 1073 mendacio
954 1015 1026 1072 de
1068 1014 1228 1071 coede
1280 1014 1540 1089 equitum
1594 1024 1651 1071 et
1703 1013 2033 1090 principum
2079 1023 2414 1087 permovet:

354 1105 628 1177 hortatur,
658 1115 719 1163 ut
746 1106 920 1164 simili
948 1106 1169 1163 ratione
1212 1115 1382 1180 atque
1423 1105 1544 1181 ipse
1586 1105 1807 1176 fecerit,
1838 1123 1970 1161 suas
2013 1103 2250 1179 injurias
2289 1121 2417 1178 per-

352 1208 679 1271 sequantur.
1998 1249 2001 1252 Α

433 1287 727 1346 XXXIX.
785 1287 1142 1364 Eporedorix
1170 1286 1420 1358 AEduus,
1449 1301 1674 1344 summo
1699 1286 1832 1345 loco
1867 1296 2037 1344 natus
2080 1285 2415 1343 adolescens

353 1390 412 1437 et
452 1398 688 1437 summae
735 1379 891 1437 domi
939 1377 1231 1454 potentiae,
1259 1388 1318 1436 et
1364 1377 1481 1435 una
1530 1378 1930 1435 Viridomarus
1973 1377 2097 1453 pari
2147 1386 2315 1434 aetate
2356 1386 2415 1434 et

353 1472 559 1549 gratia,
620 1460 722 1529 sed
775 1489 989 1548 genere
1031 1469 1277 1546 dispari,
1333 1488 1506 1544 quem
1560 1469 1776 1541 Caesar,
1831 1469 1941 1526 sibi
1999 1469 2070 1525 ab
2123 1468 2415 1525 Divitiaco

351 1563 645 1633 traditum,
673 1580 744 1620 ex
771 1561 974 1618 humili
1001 1562 1133 1619 loco
1162 1561 1233 1618 ad
1259 1580 1541 1618 summam
1582 1560 1921 1637 dignitatem
1961 1560 2322 1636 perduxerat,
2352 1558 2410 1616 in

353 1654 609 1727 equitum
648 1672 887 1711 numero
929 1664 1336 1724 convenerant,
1366 1652 1705 1709 nominatim
1752 1652 1824 1709 ab
1866 1670 1938 1710 eo
1978 1651 2217 1710 evocati.
2300 1650 2411 1708 His

353 1757 476 1803 erat
504 1746 651 1803 inter
679 1764 741 1802 se
781 1745 854 1803 de
892 1746 1218 1822 principatu
1268 1745 1585 1818 contentio,
1614 1755 1672 1803 et
1718 1745 1778 1802 in
1828 1745 1928 1803 illa
1975 1744 2409 1822 magistratuum

353 1836 739 1894 controversia
783 1836 920 1894 alter
967 1856 1073 1914 pro
1119 1836 1603 1909 Convictolitane,
1646 1837 1785 1895 alter
1831 1855 1937 1913 pro
1980 1836 2132 1894 Coto
2173 1835 2409 1893 summis

352 1928 559 2003 opibus
583 1940 993 2004 pugnaverant.
1077 1928 1168 1985 Ex
1195 1928 1267 1986 iis
1307 1926 1684 2004 Eporedorix,
1713 1928 1949 2005 cognito
1989 1927 2238 1985 Litavici
2279 1946 2411 1984 con-

353 2018 502 2090 silio,
551 2019 742 2076 media
788 2018 908 2077 fere
964 2028 1136 2077 nocte
1184 2038 1306 2077 rem
1351 2020 1423 2077 ad
1468 2019 1756 2077 Caesarem
1811 2019 2031 2089 defert3
2096 2028 2242 2090 orat,
2297 2024 2315 2051 ‘
2338 2036 2413 2075 ne

351 2112 599 2188 patiatur
654 2110 940 2169 civitatem
984 2110 1173 2186 pravis
1221 2110 1673 2169 adolescentium
1716 2110 1973 2169 consiliis
2030 2111 2101 2168 ab
2157 2101 2411 2167 amicitia

352 2203 546 2280 populi
598 2202 851 2261 Romani
895 2185 1170 2274 deficefe3
1233 2202 1387 2278 quod
1445 2202 1699 2261 futurum
1741 2203 2055 2280 provideat,
2111 2202 2160 2260 si
2214 2221 2278 2260 se
2330 2211 2414 2259 tot

355 2294 652 2353 hominum
708 2295 888 2353 millia
932 2313 1066 2352 cum
1116 2294 1376 2351 hostibus
1414 2294 1836 2370 conjunxerint,
1885 2313 2127 2371 quorum
2171 2294 2412 2351 salutem

355 2406 543 2461 neque
569 2387 873 2463 propinqui
901 2386 1214 2464 negligere,
1236 2374 1426 2461 n'eque
1455 2385 1658 2455 civitas
1678 2386 1790 2444 levi
1817 2397 2110 2444 momento
2130 2386 2414 2443 oestimare

353 2479 581 2554 posset.'

433 2570 564 2628 XL.
621 2568 839 2648 Magna
889 2569 1129 2627 affectus
1170 2567 1562 2626 sollicitudine
1602 2568 1715 2626 hoc
1755 2569 1973 2627 nuncio
2013 2569 2229 2641 Caesar,
2258 2567 2414 2644 quod

353 2680 577 2737 semper
606 2661 928 2719 AEduorum
959 2660 1178 2718 civitati
1204 2659 1496 2736 praecipue
1528 2659 1861 2732 indulserat,
1890 2661 2047 2718 nulla
2078 2660 2414 2736 interposita
2494 2683 2499 2686 ’

355 2753 734 2821 dubitatione,
779 2738 1039 2828 legiones
1080 2751 1375 2827 expeditas
1422 2762 1664 2826 quatuor
1712 2753 2142 2827 equitatumque
2184 2771 2413 2809 omnem

355 2861 426 2901 ex
454 2842 655 2900 castris
681 2842 909 2900 educit:
952 2861 1063 2909 nec
1093 2843 1200 2900 fuit
1228 2843 1475 2918 spatium
1504 2843 1604 2901 tali
1633 2849 1895 2919 tempore*
1921 2844 1991 2900 ad
2020 2843 2414 2901 contrahenda

355 2944 561 3004 castra,
610 2933 764 3008 quod
811 2951 903 2990 res
949 2933 1137 3008 posita
1190 2933 1249 2991 in
1297 2934 1592 2991 celeritate
1640 2934 1954 2993 videbatur.
2038 2934 2106 2992 C.
2167 2934 2413 2991 Fabium

252 3060 256 3069 ·
356 3023 607 3101 legatum
637 3043 770 3081 cum
799 3025 1124 3102 legionibus
1150 3025 1212 3082 II
1256 3026 1460 3082 castris
1501 3026 1770 3101 praesidio
1810 3024 2098 3101 relinquit.
2182 3026 2415 3084 Fratres

356 3115 603 3173 Litavici
648 3134 824 3190 quum
879 3117 1290 3192 comprehendi
1338 3117 1624 3193 jussisset,
1667 3116 1841 3194 paulo
1891 3115 2023 3175 ante
2078 3118 2290 3192 reperit
2343 3116 2413 3174 ad

356 3207 547 3264 hostes
572 3207 908 3284 profugisse.
995 3208 1351 3266 Adhortatus
1379 3209 1612 3280 militeS,
1643 3216 1659 3242 ‘
1683 3228 1758 3267 ne
1785 3208 2116 3267 necessario
2153 3219 2413 3285 tempore

357 3297 578 3355 itineris
617 3298 812 3356 labore
851 3311 1309 3374 permoveantur,
1340 3301 1730 3376 cupidissimis
1767 3301 2053 3371 omnibuS,
2079 3319 2415 3377 progressus

354 3388 536 3446 millia
576 3408 847 3465 passuum
889 3390 1090 3462 XXV,
1123 3410 1326 3468 agmen
1369 3391 1696 3450 AEduorum
1745 3392 2129 3469 conspicatuS,
2159 3391 2415 3449 immisso

354 3480 633 3557 equitatu,
663 3480 770 3538 iter
798 3500 995 3539 eorum
1023 3493 1276 3539 moratur
1306 3493 1477 3558 atque
1511 3483 1768 3559 impedit,
1798 3483 2205 3558 interdicitque
2231 3484 2414 3541 omni-

355 3574 482 3646 buS‚
527 3592 602 3632 ne
649 3590 993 3648 quemquam
1042 3562 1404 3632 interficiant.
1489 3574 1937 3652 Eporedorigem
1988 3585 2045 3632 et
2090 3574 2414 3632 Viridoma-

354 3684 502 3736 rum‚
551 3685 694 3741 quos
736 3663 820 3723 illi
867 3658 1198 3723 interfectos
1252 3661 1676 3736 existimabant,
1726 3665 1873 3723 inter
1926 3665 2148 3740 equites
2200 3666 2411 3725 versari

355 3774 602 3830 suosque
646 3756 928 3832 appellare
961 3755 1140 3832 jubet.
1224 3753 1306 3814 Iis
1347 3756 1617 3833 cognitis,
1646 3767 1705 3814 et
1751 3756 1995 3813 Litavici
2047 3756 2243 3814 fraude
2288 3776 2410 3833 per-

355 3846 571 3919 specta,
604 3846 781 3903 AEdui
810 3866 1013 3903 manus
1039 3847 1275 3904 tendere
1323 3858 1382 3905 et
1424 3846 1773 3904 deditionem
1815 3845 2142 3923 significare
2181 3858 2258 3918 et,
2286 3862 2407 3923 pro-
