2747 4376
359 281 493 328 cst.
528 280 754 342 iss-154
1072 279 1286 328 Lissa
1331 280 1689 338 Quam-us.
2035 334 2046 347 ⁵
2345 286 2418 343 οι

357 422 626 500 periculo
667 423 917 499 eripuit:
963 422 1086 499 ipse
1132 441 1284 498 equo
1330 423 1630 481 vulnerato
1675 422 1953 499 dejectus,
1982 423 2170 498 quoad
2217 436 2424 500 potuit,

354 502 673 573 'fortissime
729 514 954 572 restitit.
1054 514 1261 576 Quum
1316 515 1764 586 circumventus,
1832 514 2027 572 multis
2093 514 2425 574 vulneribus

244 601 263 605 “
364 608 639 683 acceptis,
667 606 993 679 cecidisset,
1024 594 1205 681 atque'
1223 606 1281 663 id
1310 607 1503 678 frater,
1533 607 1632 681 qui
1669 606 1788 682 jam
1829 605 2032 681 proelio
2078 617 2422 679 excesserat,

288 699 564 777 ><proeu1
615 699 869 756 animum
918 698 1271 768 advertisset,
1314 698 1557 755 incitato
1602 716 1753 773 equo
1793 716 1856 755 se
1897 697 2174 755 hostibus·
2195 698 2421 771 obtulit,

361 799 536 865 atque
563 790 898 848 interfectus
926 800 1027 848 est.

440 882 614 942 XIII.
672 883 807 941 Hoc
834 883 989 942 facto
1013 881 1236 959 proelio,
1264 882 1462 943 Caesar
1497 901 1687 958 neque
1720 880 1838 959 jam
1880 882 1990 942 sibi
2017 883 2236 962 legatos
2264 884 2423 942 audi-

359 974 564 1046 endos,
605 993 794 1051 neque
836 975 1199 1033 conditiones
1241 974 1608 1050 accipiendas
1652 974 2030 1032 arbitrabatur
2071 976 2142 1032 ab
2185 975 2293 1047 his,
2321 976 2420 1051 qui

358 1085 463 1142 per
491 1066 687 1124 dolum
715 1076 885 1142 atque
912 1066 1171 1136 insidias,
1197 1065 1379 1142 petita
1415 1084 1581 1141 pace,
1613 1065 1762 1123 ultro
1801 1065 2015 1123 bellum
2058 1066 2419 1126 intulissent:

360 1169 696 1235 exspectare
741 1155 899 1229 vero,
927 1157 1067 1215 dum
1114 1158 1361 1214 hostium
1404 1157 1586 1232 copiae
1632 1168 1976 1234 augerentur
2023 1158 2421 1234 equitatusque

359 1260 761 1321 reverteretur,
815 1268 1053 1307 summm
1107 1247 1412 1308 dementiae
1466 1266 1594 1307 esse
1651 1248 1984 1325 judicabat;
2054 1258 2132 1321 et,
2187 1250 2421 1326 cognita

359 1340 661 1399 Gallorum
689 1340 1037 1412 infirmitate,
1066 1350 1346 1416 quantum
1366 1340 1488 1417 jam
1518 1339 1666 1417 apud
1695 1358 1796 1398 eos
1838 1339 2031 1398 hostes
2068 1359 2186 1398 uno
2221 1340 2423 1417 proelio

362 1433 721 1490 auctoritatis
772 1446 963 1490 essent
1016 1432 1336 1502 consecuti,
1392 1432 1713 1489 sentiebat:
1782 1431 1992 1506 quibus
2046 1431 2118 1489 ad
2181 1432 2424 1489 consilia

359 1523 647 1601 capienda
698 1524 840 1581 nihil
895 1523 1065 1599 spatii
1118 1523 1375 1580 dandum
1440 1522 1819 1580 existimabat.
1929 1521 2044 1579 His
2096 1522 2422 1580 constitutis

359 1616 554 1687 rebus,
598 1625 656 1674 et
707 1615 951 1673 consilio
991 1633 1125 1672 cum
1179 1614 1384 1691 legatis
1431 1625 1489 1671 et
1530 1624 1810 1688 quaestore
1850 1614 2297 1686 communicate,
2345 1631 2421 1671 ne

322 1737 330 1743 ·
359 1726 536 1782 quem
578 1707 733 1765 diem
776 1726 987 1784 pugnae
1029 1707 1505 1782 praetermitteret‚
1536 1705 2015 1781 opportunissima
2054 1724 2145 1763 res
2186 1705 2418 1778 accidit,
2451 1732 2459 1740 ·

359 1797 518 1874 quod
541 1799 814 1875 postridie
841 1798 964 1875 ejus
990 1798 1106 1857 diei
1134 1817 1324 1870 mane,
1353 1797 1556 1855 eadem
1586 1808 1643 1854 et
1677 1796 1918 1873 perfidia
1958 1807 2015 1855 et
2055 1797 2419 1856 simulatione

360 1891 454 1948 usi
506 1890 802 1963 Germani,
869 1891 1214 1966 frequentes,
1268 1890 1538 1947 omnibus
1587 1889 1944 1966 principibus
1996 1888 2419 1965 majoribusque

358 1993 501 2041 natu
532 1983 818 2054 adhibitis,
849 1982 920 2039 ad
948 2001 1080 2040 eum
1110 1982 1169 2038 in
1198 1992 1384 2038 castra
1423 1968 1732 2051 venerunt;
1774 1980 1965 2051 simul,
1995 1991 2058 2038 ut
2097 1980 2416 2055 dicebatur,

360 2076 454 2133 sui
498 2075 784 2152 purgandi
833 2074 1030 2145 causa,
1061 2071 1216 2148 quod
1265 2070 1467 2130 contra
1512 2083 1879 2147 atque'esset
1924 2072 2164 2143 dictum,
2207 2083 2264 2130 et
2310 2073 2418 2150 ipsi

358 2166 655 2244 petissent,
681 2166 947 2244 proelium
974 2165 1159 2242 pridie
1201 2164 1622 2223 commisissent
1642 2185 1657 2236 ;
1702 2163 1870 2222 simul
1913 2174 1995 2236 ut,
2026 2164 2073 2222 si
2116 2164 2253 2240 quid
2292 2184 2421 2242 pos-

360 2271 510 2332 sent,
551 2260 624 2318 de
671 2259 921 2317 induciis
963 2258 1212 2317 fallendo
1259 2259 1643 2333 impetrarent.
1724 2256 1897 2320 Quos
1936 2257 2046 2315 sibi
2088 2257 2283 2315 Caesar
2323 2259 2421 2315 ob-

361 2352 508 2410 latos
548 2352 796 2429 gavisuS,
846 2351 973 2409 illos
1018 2350 1253 2408 retineri
1295 2349 1498 2425 jussit3
1558 2349 1681 2425 ipse
1726 2366 1927 2406 omnes
1974 2348 2169 2424 copias
2217 2348 2420 2406 castris

361 2443 579 2515 eduxit,
633 2443 1085 2518 equitatumque,
1140 2440 1295 2516 quod
1349 2440 1572 2498 recenti
1622 2439 1828 2516 proelio
1878 2439 2240 2515 perterritum
2294 2458 2419 2499 esse

359 2536 742 2607 existimabat,
773 2553 979 2611 agmen
1007 2533 1279 2608 subsequi
1301 2533 1487 2609 jussit.

440 2626 606 2685 XIV.
661 2626 812 2684 Acie
838 2626 1050 2701 triplici
1081 2625 1360 2695 instituta,
1389 2635 1448 2682 et
1476 2622 1738 2681 celeriter
1764 2620 1915 2680 VIII
1948 2620 2191 2679 millium
2214 2621 2419 2682 itinere

361 2719 648 2790 confect0,
675 2717 836 2795 prius
864 2719 935 2776 ad
964 2717 1214 2775 hostium
1243 2730 1434 2774 castra
1457 2715 1736 2792 pervenit,
1759 2713 1951 2789 quam,
1974 2712 2109 2788 quid
2134 2725 2417 2791 ageretur,

360 2811 636 2868 Germani
683 2810 894 2868 sentire
935 2819 1186 2886 possent.
1265 2807 1415 2878 Qui,
1445 2807 1711 2864 omnibus
1756 2806 1927 2864 rebus
1970 2803 2159 2862 subito
2207 2817 2420 2882 perter-

359 2902 478 2972 riti,
506 2914 563 2960 et
592 2902 884 2960 celeritate
915 2901 1191 2959 adventus
1217 2900 1398 2958 nostri
1427 2911 1484 2956 et
1511 2900 1768 2956 discessu
1797 2916 2051 2968 suorum,
2074 2916 2261 2972 neque
2283 2917 2419 2955 con-

360 2994 476 3053 silii
523 2994 794 3065 habendi,
831 3011 1021 3069 neque
1069 3012 1227 3050 arma
1268 2991 1536 3067 capiendi
1583 2990 1767 3066 spatio
1810 2989 1963 3060 datu,
1992 2988 2416 3063 perturbantur,

360 3085 632 3161 copiasne
662 3086 930 3144 adversus
957 3084 1177 3142 hostem
1206 3084 1476 3154 educere,
1507 3101 1579 3139 an
1607 3093 1795 3139 castra
1820 3081 2146 3152 defendere,
2178 3100 2249 3139 an
2279 3081 2416 3159 fuga

359 3177 600 3235 salutem
652 3188 848 3253 petere
902 3186 1211 3252 praestaret.
1312 3175 1586 3237 Quorum
1633 3174 1802 3231 timor
1858 3191 2032 3248 quum
2089 3173 2318 3231 fremitu
2359 3185 2418 3232 et

360 3287 647 3327 concursu
701 3267 1142 3345 significaretur,
1198 3267 1409 3325 milites
1462 3266 1661 3337 nostri,
1714 3264 1941 3341 pristini
1994 3263 2109 3321 diei
2177 3264 2416 3340 perfidia

360 3360 605 3431 incitati,
660 3360 720 3418 in
765 3371 954 3418 castra
1000 3360 1342 3435 irruperunt.
1423 3357 1567 3420 Quo
1614 3358 1763 3428 loco,
1809 3357 1905 3432 qui
1950 3356 2212 3414 celeriter
2261 3375 2419 3415 arma
2447 3353 2510 3414 Ἃ

360 3471 570 3528 capere
622 3441 951 3528 potuerunt,
1006 3452 1294 3528 paulisper
1352 3449 1562 3508 nostris
1627 3450 1975 3518 restiterunt,
2035 3459 2203 3522 atque
2269 3448 2417 3507 inter

360 3563 556 3602 carros
585 3543 1103 3620 impedimentaque
1127 3543 1393 3618 proelium
1424 3541 1869 3598 commiserunt:
1916 3550 1971 3596 at
2012 3538 2233 3613 reliqua
2275 3539 2420 3597 mul-

357 3635 548 3693 titudo
585 3654 893 3711 puerorum
935 3635 1355 3707 mulierumque
1388 3633 1547 3707 (narn
1594 3651 1727 3689 cum
1774 3631 2041 3689 omnibus
2088 3630 2206 3687 suis
2246 3629 2419 3688 domo

356 3737 725 3785 excesserant
761 3726 1155 3800 Rhenumque
1195 3725 1566 3801 transierant)
1595 3724 1804 3798 passim
1851 3723 2049 3799 sugere
2091 3720 2301 3795 coepit3
2345 3721 2417 3779 ad

358 3837 503 3893 quos
530 3817 949 3876 consectandos
975 3817 1171 3875 Caesar
1199 3817 1514 3892 equitatum
1545 3815 1717 3872 misit.

438 3909 573 3968 XV.
628 3909 926 3979 Germani,
952 3919 1082 3983 post
1108 3918 1334 3985 tergum
1361 3906 1613 3963 clamore
1643 3905 1857 3973 audito,
1880 3920 2059 3976 quum
2084 3919 2219 3959 suos
2246 3902 2395 3962 inter

992 3998 1034 4058 6
