2747 4376
392 228 531 279 cn.
563 232 728 296 ⁴-⁷-]
776 182 793 197 ’
1151 231 1366 281 mssa
1411 231 1697 281 ramus.
2373 218 2380 225 ’
2423 233 2458 290 7

394 382 522 433 tum
547 384 775 450 poe‘nam
803 375 969 450 sequi
995 375 1312 450 oportebat,
1335 384 1400 432 ut
1427 372 1549 451 igni
1573 382 1942 431 cremaretur.
2011 371 2127 431 Die
2147 371 2462 432 constituta

397 482 591 525 causae
619 466 891 523 dictionis
916 465 1227 543 Orgetorix
1268 466 1343 522 ad
1378 466 1664 542 judicium
1687 474 1939 522 'omnem
1978 482 2143 521 suam
2184 464 2460 522 familiam

401 556 473 613 ad
516 557 813 614 hominum
856 557 1037 615 millia
1081 557 1286 615 decem
1332 557 1590 632 undique
1630 556 1845 633 coegit,
1874 565 1933 614 et
1978 572 2178 612 omnes
2218 555 2461 615 clientes

397 648 794 724 obaeratosque
828 667 983 720 suos,
1012 666 1255 724 quorum
1295 667 1570 734 magnum
1610 665 1916 705 numerum
1957 628 2464 733 babebat(eodem''

396 738 714 797 conduxit:
753 758 857 815 per
885 758 1004 812 eos,
1031 759 1108 797 ne
1141 758 1377 797 causam
1417 740 1658 811 diceret,
1686 757 1750 797 se
1790 738 2017 814 eripuit.
2095 737 2302 800 Quum
2343 736 2460 796 civ‘-

401 830 530 901 itas,
559 831 800 889 obeam
839 849 963 888 rem
1003 832 1259 903 incitata,
1290 831 1463 888 armis
1503 831 1598 907 jus
1638 848 1807 888 suum
1848 829 2083 905 exsequi
2130 839 2455 901 conaretur,

398 922 940 997 multitudinemque
956 922 1253 979 hominum
1280 941 1351 979 ex
1380 923 1532 999 agris
1548 921 1915 999 magistratus
1934 931 2227 998 cogerent,
2248 919 2458 998 Orget-

397 1013 525 1070 orix
571 1024 831 1071 mortuus
870 1023 987 1083 est3
1029 1031 1219 1088 neque
1261 1014 1422 1071 abest
1461 1012 1735 1088 suspicio,
1780 1022 1845 1071 ut
1887 1011 2140 1070 Helvetii
2183 1011 2457 1070 arbitran-

396 1115 511 1175 tur,
540 1104 680 1179 quin
709 1105 830 1180 ipse
855 1104 966 1162 sibi
993 1114 1236 1162 mortem
1263 1104 1627 1162 consciverit.
2277 1165 2284 1171 ,

477 1194 550 1254 V.
605 1195 744 1253 Post
769 1196 893 1272 ejus
918 1206 1161 1253 mortem
1188 1195 1371 1252 nihilo
1407 1194 1600 1253 minus
1641 1194 1898 1254 Helvetii
1938 1194 2020 1266 id,
2048 1194 2202 1270 quod
2243 1193 2456 1252 consti-

320 1303 381 1361 Jt,
396 1295 645 1359 tuerant,
664 1287 853 1345 facere
869 1298 1171 1358 conantur,
1188 1298 1254 1345 ut
1279 1302 1313 1345 e
1339 1287 1551 1345 finibus
1570 1287 1691 1344 suis
1711 1296 1934 1345 exeant.
2015 1285 2130 1344 Ubi
2154 1285 2275 1362 jam
2294 1304 2359 1345 se
2379 1285 2452 1344 ad

392 1395 526 1435 eam
567 1395 689 1435 rem
725 1390 953 1455 paratos
979 1397 1106 1437 esse
1152 1379 1409 1436 arbitrati
1436 1390 1589 1449 sunt,
1617 1378 1830 1454 oppida
1855 1397 1963 1436 sua
1986 1377 2183 1435 omnia
2207 1395 2452 1436 numero

399 1468 472 1525 ad
513 1469 838 1542 duodecim,
866 1470 1026 1527 vicos
1067 1470 1138 1527 ad
1179 1470 1648 1547 quadringentos,
1689 1470 1912 1544 reliqua
1945 1468 2169 1545 privata
2208 1469 2452 1529 aedificia

396 1558 750 1633 incendunt3
812 1561 1161 1619 frumentum
1215 1580 1407 1633 omne,
1460 1571 1666 1638 praeter
1712 1561 1866 1637 quod
1919 1579 2120 1619 secum
2172 1561 2450 1637 portaturi

395 1662 576 1725 erant,
605 1654 970 1725 comburunt,
999 1660 1082 1725 ut,
1110 1653 1346 1711 domum
1388 1652 1686 1711 reditionis
1726 1671 1827 1729 spe
1862 1652 2110 1726 sublata,
2136 1652 2450 1729 paratiores

396 1744 467 1802 ad
508 1745 705 1802 omnia
741 1745 1003 1821 pericula
1052 1744 1353 1803 subeunda
1399 1754 1623 1803 essent:
1685 1744 1860 1803 trium
1912 1744 2198 1805 mensium
2250 1745 2448 1804 molita

393 1837 612 1894 cibaria
637 1837 747 1894 sibi
764 1855 1048 1913 quemque
1064 1837 1236 1894 domo
1257 1837 1458 1894 efferre
1479 1838 1697 1913 jubent.
1780 1837 2136 1895 Persuadent
2157 1836 2448 1896 Rauracis

391 1940 450 1988 et
494 1929 769 2007 Tulingis
819 1941 878 1989 et
932 1930 1259 2009 Latobrigis
1305 1930 1582 2003 finitimis,
1637 1929 1743 2003 utI,
1797 1932 2001 1989 eodem
2048 1930 2138 1988 usi
2181 1930 2446 2004 consilio,

390 2021 614 2097 oppidis
653 2023 772 2080 suis
811 2023 1068 2097 vicisque
1096 2023 1330 2094 exustis,
1360 2021 1477 2080 una
1511 2041 1646 2080 cum
1686 2022 1758 2080 iis
1798 2022 2268 2099 proficiscantur:
2313 2022 2448 2081 Boi-

389 2131 587 2188 osque,
637 2114 737 2190 qui
782 2125 940 2172 trans
986 2114 1263 2171 Rhenum
1304 2114 1685 2186 incoluerant,
1713 2123 1772 2171 et
1812 2113 1872 2172 in
1917 2132 2118 2191 agrum
2157 2113 2445 2172 Noricum

304 2241 339 2288 ‚4
389 2205 751 2278 transierant,
778 2205 1172 2281 Noreiamque
1199 2207 1618 2283 oppugnarant,
1645 2217 1909 2282 receptos
1938 2206 2009 2263 ad
2034 2223 2099 2265 se
2118 2206 2308 2264 socios
2333 2206 2446 2265 sibi

392 2297 737 2355 adsciscunt.
829 2311 835 2316 ·

468 2388 571 2448 VI.
628 2389 808 2447 Erant
833 2389 1071 2447 omnino
1098 2389 1306 2446 itinera
1346 2389 1483 2459 du0,
1511 2389 1721 2464 quibus
1748 2388 2051 2447 itineribus
2090 2388 2263 2447 domo
2288 2389 2445 2449 exire

388 2492 653 2556 possent:
696 2501 875 2539 unum
902 2500 1003 2557 per
1032 2482 1353 2555 Sequanos,
1385 2491 1689 2557 angustum
1731 2490 1790 2537 et
1828 2480 2083 2553 difficile,
2112 2479 2259 2538 inter
2286 2500 2445 2540 mon-

387 2582 507 2629 tem
534 2572 570 2629 J
576 2591 735 2629 uram
780 2583 835 2630 et
873 2572 1089 2630 flumen
1130 2571 1505 2642 Rhodanum,
1534 2570 1629 2628 vix
1669 2569 1784 2647 qua
1826 2571 2039 2649 singuli
2080 2572 2228 2630 carri
2271 2572 2445 2631 duce-

388 2674 619 2734 rentur3
663 2682 827 2721 mons
867 2674 1057 2722 autem
1093 2663 1401 2721 altissimus
1444 2663 1830 2749 impendebat,
1858 2672 1923 2720 ut
1960 2661 2130 2721 facile
2167 2664 2443 2740 perpauci

386 2755 689 2830 prohibere
739 2766 1009 2832 possent:
1082 2756 1323 2813 alterum
1370 2773 1473 2830 per
1527 2755 1881 2832 provinciam
1935 2764 2207 2826 nostram,
2262 2756 2444 2814 multo

388 2846 614 2905 facilius
668 2858 837 2922 atque
884 2847 1224 2923 expeditius,
1278 2857 1582 2922 propterea
1634 2845 1789 2921 quod
1845 2846 2239 2904 Helvetiorum
2294 2847 2442 2906 inter

386 2938 528 2996 fines
574 2948 632 2997 et
675 2938 1074 3015 Allobrogum,
1105 2938 1204 3013 qui
1251 2956 1435 3013 nuper
1475 2938 1666 3014 pacati
1715 2949 1897 3009 erant,
1925 2938 2250 2997 Rhodanus
2296 2939 2440 3012 fluit,

386 3029 548 3105 isque
565 3030 856 3088 nonnullis
876 3029 1022 3087 locis
1042 3029 1189 3087 vado
1214 3029 1506 3088 transitur.
1589 3030 1926 3087 Extremum
1946 3030 2219 3106 oppidum
2242 3031 2443 3089 Allob-

384 3140 586 3198 rogum
628 3133 734 3194 est,
760 3122 1197 3198 proximumque
1226 3120 1625 3178 Helvetiorum
1653 3120 1884 3193 finibus,
1912 3121 2164 3180 Geneva.
2247 3122 2339 3180 Ex
2367 3142 2441 3181 eo

383 3214 594 3288 oppido
619 3233 765 3289 pons
794 3213 867 3270 ad
893 3213 1190 3274 Helvetios
1221 3212 1486 3287 pertinet.
1570 3212 1983 3289 Allobrogibus
2022 3231 2150 3270 sese
2188 3214 2275 3271 vel
2316 3233 2443 3289 per-

382 3323 670 3375 suasuros,
718 3302 875 3380 quod
923 3304 1181 3361 nondum
1228 3304 1382 3360 bono
1432 3304 1624 3361 animo
1670 3303 1731 3360 in
1774 3303 2051 3379 populum
2104 3304 2440 3362 Romanum

383 3395 731 3467 viderentur,
761 3395 1194 3464 existimabant3
1238 3394 1324 3451 vel
1355 3394 1411 3451 vi
1440 3406 1762 3465 coacturoS,
1792 3405 1856 3452 ut
1881 3414 1983 3470 per
2009 3413 2144 3452 suos
2170 3395 2313 3453 fines
2340 3414 2441 3454 eos

370 3486 467 3544 ‘ire
512 3496 858 3563 paterentur.
941 3486 1232 3543 Omnibus
1272 3487 1445 3543 rebus
1494 3485 1565 3543 ad
1607 3487 2022 3562 profectionem
2072 3487 2437 3562 comparatis,

383 3578 537 3635 diem
565 3579 786 3650 dicunt,
816 3578 930 3653 qua
958 3578 1053 3635 die
1083 3577 1155 3633 ad
1181 3577 1364 3652 ripam
1408 3577 1681 3634 Rhodani
1723 3596 1923 3650 omnes
1963 3578 2345 3637 conveniant:
2390 3578 2439 3636 is

382 3668 505 3727 dies
531 3680 653 3728 erat
681 3689 728 3727 a.
759 3669 814 3728 d.
844 3669 917 3727 V.
947 3668 1077 3726 Kal.
1107 3667 1272 3743 Apr„
1301 3666 1368 3725 L.
1399 3667 1611 3726 Pisone
1639 3679 1697 3725 et
1724 3668 1797 3726 A.
1826 3668 2099 3739 Gabinio,
2129 3667 2293 3726 Coss.

459 3760 594 3820 VH.
650 3760 868 3820 Caesari
910 3778 1087 3835 quum
1129 3759 1189 3817 id
1222 3759 1565 3816 nunciatum
1606 3770 1776 3830 esset,
1804 3777 1904 3816 eos
1941 3776 2043 3834 per
2083 3757 2437 3834 provinciam
2525 3789 2536 3802 ·
2585 3789 2598 3802 =

382 3864 632 3913 nostram
661 3853 766 3912 iter
795 3852 989 3911 facere
1012 3850 1231 3921 conari,
1262 3860 1508 3927 maturat
1536 3852 1607 3908 ab
1633 3841 1777 3907 urbe
1799 3848 2122 3925 proficisch
2163 3859 2240 3918 et,
2264 3848 2435 3923 quam

1204 4029 1231 4046 s

2275 4061 2298 4092 Ἀ
