2747 4376
364 327 445 386 54
999 318 1117 373 ‘DE
1163 323 1397 373 BELLO
1443 323 1765 374 GALLICO
2033 326 2192 390 [Car.
2222 327 2434 377 Μ.

366 467 659 545 oppidum,
702 477 896 526 tamen
943 464 1028 526 uti
1076 467 1282 526 eadem
1335 466 1649 525 deditionis
1693 467 2028 526 conditione
2070 472 2349 542 uteretur,
2399 488 2435 528 a

368 560 578 618 Crasso
605 559 941 635 impetravit.

353 721 360 725 ,
445 650 680 708 XXIII.
736 651 935 709 Armis
973 650 1388 725 obsidibusque
1432 650 1707 726 acceptiS‚
1735 649 1981 708 Crassus
2020 652 2083 709 in
2123 651 2270 710 fines
2313 651 2436 711 Vo-

367 742 582 800 catium
611 752 670 801 et
695 742 1070 800 Tar'usa'tium
1097 741 1391 817 profectus
1427 752 1529 799 est.
1611 741 1789 799 Tum*
1822 741 1958 800 verd
2006 743 2232 800 barbari
2276 762 2433 801 com·

366 834 527 905 moti,
558 834 711 910 qudd
752 834 1046 911 oppidum,
1074 843 1135 892 et
1172 833 1381 890 natura
1420 832 1536 890 loci
1576 830 1637 891 et
1677 851 1852 891 manu
1894 833 2200 906 munitum,
2226 835 2431 911 paucis

367 924 590 998 diebus,
620 926 828 1001 quibus
855 923 926 985 eo
968 933 1200 983 ventum
1241 932 1384 995 erat,
1414 933 1802 1001 expugnatum
1843 937 2249 1002 cognoverant,
2278 927 2434 1003 lega-

365 1025 456 1075 tos
497 992 727 1093 quoqub
776 1015 975 1075 versus
1016 1015 1328 1087 dimittere,
1352 1015 1674 1092 conjurare,
1702 1015 1934 1073 obsides
1975 1017 2125 1075 inter
2166 1036 2230 1075 se
2270 1018 2428 1091 dare,

367 1108 565 1185 copias
616 1124 817 1184 parare
871 1116 1195 1184 coeperunt.
1294 1105 1608 1164 Mittuntur
1661 1107 1836 1164 etiam
1891 1107 1963 1164 ad
2016 1126 2115 1166 eas
2167 1109 2431 1168 civitates

365 1199 563 1278 legati,
593 1219 719 1276 quae
747 1209 879 1257 sunt
907 1199 1191 1257 citerioris
1231 1197 1553 1293 Hispaniae,
1580 1198 1838 1259 finitimae
1879 1198 2248 1274 Aquitaniae:
2292 1200 2430 1259 inde

369 1291 582 1351 auxilia
625 1291 919 1367 ducesque
960 1298 1345 1348 arcessuntur.
1426 1288 1700 1350 Quorum
1744 1289 1990 1347 adventu
2033 1291 2244 1368 magna
2293 1308 2429 1349 curn

369 1383 708 1442 auctoritate
736 1392 793 1441 et
819 1382 1029 1459 magna
1059 1400 1193 1439 cum
1222 1381 1519 1438 hominum
1561 1381 1930 1439 multitudine
1972 1381 2184 1439 bellum
2226 1401 2430 1459 gerere

370 1487 667 1533 conantur.
750 1475 948 1532 Duces
975 1472 1109 1530 vero
1141 1473 1181 1530 ii
1209 1472 1560 1548 deliguntur,
1590 1472 1687 1547 qui
1730 1470 1848 1529 una
1889 1491 2021 1529 cum
2056 1472 2137 1534 Q.
2169 1474 2431 1532 Sertorio

368 1585 568 1624 omnes
598 1586 775 1624 annos
805 1566 1047 1636 fuerant,
1069 1582 1466 1638 summamque
1493 1563 1793 1621 scientiam
1819 1563 1904 1620 rei
1932 1564 2194 1621 militaris
2213 1565 2430 1624 habere

368 1657 856 1715 existimabantur.
941 1656 1022 1713 Hi
1053 1655 1471 1741 consuetudine
1498 1655 1693 1730 populi
1722 1653 1977 1712 Romani
2018 1655 2150 1713 loca
2197 1675 2427 1732 capere,

372 1759 557 1808 castra
610 1748 853 1818 munire,
910 1732 1326 1804 commeatibus
1380 1756 1605 1803 nostros
1660 1746 2047 1804 intercludere
2100 1744 2426 1807 instituunt.

363 1836 549 1903 Quod
579 1839 675 1896 ubi
705 1838 948 1895 Crassus
977 1828 1377 1895 anir‘nadvertit
1403 1856 1537 1894 suas
1565 1837 1763 1912 copias
1786 1849 2018 1913 propter
2054 1839 2428 1916 exiguitatem

368 1948 485 1991 non
514 1928 933 2000 facilediduci,
965 1930 1185 1987 hostem
1215 1939 1273 1986 et
1316 1929 1513 2006 vagari
1555 1939 1614 1986 et
1648 1930 1777 1986 ’vias
1815 1930 2080 1987 obsidere
2120 1940 2179 1987 et
2220 1931 2430 1990 castris

368 2022 506 2080 satis
532 2022 782 2098 praesidii
810 2022 1154 2096 relinquere,
1184 2022 1258 2078 ob
1287 2039 1415 2077 eam
1457 2038 1690 2077 causam
1730 2019 1923 2079 minus
1964 2021 2266 2079 commode
2313 2022 2428 2080 fru-

368 2125 623 2171 mentum
652 2124 1148 2186 commeatumque
1176 2112 1285 2170 sibi
1314 2113 1656 2188 supportari,
1686 2112 1746 2169 in
1773 2112 1898 2170 dies
1938 2112 2187 2170 hostium
2227 2132 2429 2195 nurne-⁸

323 2243 330 2252 ·
368 2224 495 2263 rum
526 2206 754 2282 augeri3
798 2225 915 2262 non
944 2204 1334 2262 cunctandum
1363 2204 1725 2275 existimavit,
1755 2205 1894 2278 quin
1934 2205 2130 2281 pugna
2172 2205 2430 2288 decerta-
2488 2231 2497 2238 Ἃ

367 2307 471 2355 ret.
555 2297 687 2354 Hac
740 2314 803 2354 re
859 2297 929 2354 ad
984 2296 1290 2353 consilium
1341 2295 1554 2366 delata,
1599 2295 1698 2352 ubi
1753 2314 1957 2378 omnes
2006 2296 2159 2352 idem
2212 2298 2429 2356 sentire

369 2388 667 2459 intellexit,
695 2400 982 2465 posterum
1013 2388 1166 2445 diem
1191 2406 1401 2464 pugnae
1431 2386 1746 2444 constituit.

447 2480 676 2538 XXIV.
733 2480 928 2538 Prima
968 2475 1120 2551 luce,
1149 2478 1447 2555 productis
1492 2478 1761 2534 omnibus
1803 2477 2005 2554 copiis,
2034 2477 2254 2553 duplici
2298 2479 2459 2538 acie·

368 2569 649 2643 instituta,
681 2557 906 2629 auxiliis
934 2571 993 2628 in
1031 2571 1280 2628 mediam
1325 2570 1506 2627 aciem
1551 2569 1848 2645 conjectis,
1878 2569 2017 2644 quid
2058 2569 2250 2627 hostes
2290 2590 2429 2628 con-

368 2661 483 2719 silii
527 2673 817 2737 caperent,
851 2662 1242 2740 exspectabat.
1325 2660 1440 2732 Illi,
1482 2661 1588 2718 etsi
1630 2667 1859 2737 propter
1901 2660 2327 2720 multitudinem
2367 2674 2429 2721 et

368 2741 616 2810 veterem
645 2752 780 2810 belli
807 2753 1047 2829 gloriam
1072 2752 1540 2828 paucitatemque
1566 2762 1890 2809 nostrorum
1930 2770 1994 2809 se
2034 2750 2159 2810 tuto
2189 2753 2430 2811 dimica·

369 2854 528 2901 turos
573 2843 995 2914 existimabant,
1043 2852 1237 2900 tamen
1283 2843 1464 2900 tutius
1511 2861 1636 2900 esse
1692 2843 2131 2914 arbitrabantur,
2179 2843 2430 2901 obsessis

369 2935 494 3006 viis,
525 2946 846 2992 commeatu
886 2934 1215 3005 intercluSO,
1245 2934 1370 2990 sine
1400 2934 1517 2990 ullo
1557 2934 1791 2991 vulnere
1830 2934 2073 2991 victoria
2098 2935 2304 3009 potiri:
2347 2946 2426 3007 et,

273 3081 286 3098 ,
369 3027 416 3084 si
443 3038 673 3102 propter
702 3026 952 3102 inopiam
979 3025 1062 3083 rei
1086 3025 1470 3082 frumentariae
1499 3024 1754 3083 Romani
1784 3044 1911 3082 sese
1937 3026 2197 3101 recipere
2225 3026 2431 3102 coepis·

370 3129 516 3189 sent,
567 3117 870 3194 impeditos
917 3118 976 3175 in
1024 3116 1252 3193 agmine
1300 3128 1358 3174 et
1404 3118 1513 3174 sub
1554 3117 1825 3188 sarcinis,
1867 3117 2166 3183 inferiores
2213 3117 2427 3189 animo,

367 3207 580 3267 adoriri
610 3209 955 3285 cogitabant.
1038 3207 1173 3265 Hoc
1200 3208 1445 3289 consilio
1463 3208 1703 3283 probato
1735 3209 1806 3266 ab
1833 3207 2098 3280 ducibuS,
2128 3209 2430 3284 productis

370 3301 769 3357 Romanorum
807 3299 1009 3375 copiis,
1039 3318 1165 3357 sese
1208 3298 1412 3357 castris
1451 3300 1741 3357 tenebant.
1824 3299 1960 3357 Hac
2001 3319 2064 3357 re
2104 3302 2428 3375 perspecta,

370 3391 635 3462 CrassuS,
665 3410 841 3466 quum
870 3392 974 3449 sua
1005 3392 1375 3449 cunctatione
1404 3402 1582 3467 atque
1601 3392 1872 3468 opinione
1893 3392 2210 3449 timidiores
2238 3392 2433 3451 hostes

370 3493 595 3541 nostros
623 3481 831 3540 milites
862 3482 1167 3540 alacriores
1193 3482 1266 3540 ad
1307 3483 1682 3560 pugnandum
1723 3483 2070 3554 effecissent,
2102 3492 2270 3557 atque
2288 3503 2434 3540 ·om-

370 3574 530 3632 nium
559 3592 730 3631 voces
760 3574 1110 3645 audirentur,
1140 3574 1469 3656 exspectari,
1485 3574 1703 3632 diutius
1728 3593 1846 3631 non
1874 3586 2158 3650 oportere,
2188 3575 2329 3650 quin
2358 3576 2431 3632 ad

373 3676 561 3724 castra
587 3665 782 3737 iretur,
813 3665 1142 3723 cohortatus
1170 3685 1324 3738 suos,
1353 3666 1622 3724 omnibus
1649 3666 2035 3741 cupientibus,
2068 3666 2137 3723 ad
2180 3667 2432 3725 hostium

374 3768 561 3816 castra
588 3757 897 3815 contendit.

452 3849 649 3907 XXV.
704 3850 794 3907 Ibi
822 3868 998 3925 quum
1027 3848 1123 3907 alii
1151 3849 1330 3907 fossas
1358 3850 1730 3925 complerent,
1763 3847 1858 3905 alii
1902 3847 2097 3904 multis
2135 3845 2269 3904 telis
2294 3868 2432 3906 con-

367 3938 538 4016 jectis
573 3940 902 4000 defensores
942 3939 1092 3998 vallo
1130 3940 1662 4014 munitionibusque
1701 3938 2073 4015 depellerent,
2104 3937 2433 3996 auxiliares-
