2747 4376
353 297 484 356 ‘1519
1023 297 1121 346 ns
1167 296 1404 347 sasso
1450 296 1766 346 GALLICO
2045 296 2150 363 [c.
2162 297 2211 345 r:
2237 297 2449 347 ει--εᾶ

365 450 495 516 post
547 451 775 518 tergum
827 440 1218 518 pugnantibus
1270 441 1508 512 exstitit,
1564 437 1720 516 quod
1774 459 1941 499 suum
1999 440 2327 517 periculum
2379 442 2442 499 in

369 532 558 590 aliena
610 531 807 590 vident
835 533 1042 590 virtute
1085 533 1440 591 consistere:
1484 534 1681 591 omnia
1712 533 1866 590 enim
1916 533 2284 609 plerumque,
2313 552 2441 610 quae

337 623 595 695 absunt,
626 622 1023 682 vehementius
1050 624 1347 682 hominum
1378 635 1601 682 mentes
1625 625 1979 701 perturbant.

446 714 760 773 LXXXV.
818 715 1014 773 Coesar
1069 715 1340 774 idoneum
1394 717 1590 774 locum
1645 727 1870 786 nactus,
1921 717 2060 792 quid
2105 719 2340 792 quaque
2379 717 2434 775 in

365 817 527 883 parte
598 818 850 884 geratur,
920 808 1240 885 cognoscit,
1308 808 1704 866 laborantibus
1783 808 2059 866 auxilium
2128 809 2434 867 submittit.

367 897 639 974 Utrisque
688 899 759 956 ad
809 899 1064 957 animum
1107 900 1362 958 occurrit
1410 919 1589 957 unum
1645 900 1787 957 illud
1840 918 1967 958 esse
2022 912 2273 977 tempus,
2325 920 2440 976 quo

368 989 614 1050 maxime
671 991 943 1049 contendi
998 992 1320 1050 conveniat.
1422 991 1597 1063 Galli,
1648 991 1759 1049 nisi
1813 992 2196 1069 perfregerint
2252 993 2440 1050 muni-

365 1081 571 1154 tiones,
599 1082 673 1140 de
700 1082 856 1141 omni
899 1084 1082 1141 salute
1122 1083 1464 1159 desperant:
1508 1083 1786 1155 Romani,
1815 1084 1864 1142 si
1894 1102 2014 1143 rem
2054 1084 2439 1157 obtinuerint,

366 1172 539 1231 finem
594 1174 852 1232 omnium
912 1174 1171 1232 laborum
1228 1161 1598 1250 exspectants
1667 1174 1924 1233 Maxime
1982 1175 2053 1233 ad
2108 1177 2441 1253 superiores

368 1265 721 1324 munitiones
786 1267 1095 1338 laboratur,
1152 1265 1267 1341 quo
1336 1266 1841 1344 Vergasillaunum
1908 1268 2145 1326 missum
2200 1268 2442 1326 demon-

366 1357 685 1416 stravimus.
774 1358 1059 1436 Exiguum
1101 1358 1218 1416 loci
1262 1357 1332 1416 ad
1371 1358 1762 1418 declivitatem
1819 1359 2110 1438 fastigium
2154 1378 2437 1438 magnum

368 1448 541 1507 habet
581 1462 950 1508 momentum.
1035 1449 1153 1507 Alii
1196 1449 1313 1508 tela
1353 1449 1718 1527 conjiciunt;
1762 1450 1880 1521 alii,
1921 1452 2213 1509 testudine
2257 1453 2438 1526 sacta,

365 1541 647 1611 subeunt3
705 1541 1029 1619 defatigatis
1076 1542 1134 1599 in
1177 1542 1362 1599 vicem
1407 1542 1615 1619 integri
1656 1542 1994 1601 succedunt.
2079 1543 2303 1621 Agger,
2362 1545 2439 1602 ab

366 1632 651 1691 universis
692 1633 752 1689 in
782 1632 1162 1691 munitionem
1203 1633 1523 1710 conjectus,
1553 1645 1613 1692 et
1655 1652 1957 1691 ascensum
1999 1634 2098 1692 dat
2137 1635 2346 1708 Gallis,
2376 1648 2440 1694 et

365 1740 454 1794 ea,
484 1743 611 1799 quae
662 1724 720 1781 in
769 1736 979 1782 terram
1026 1724 1459 1783 occultaverant
1515 1725 1793 1797 Romani,
1822 1726 2117 1803 contegit:
2160 1744 2275 1785 nec
2310 1728 2436 1805 jam

366 1832 524 1872 arma
552 1815 781 1887 nostris,
810 1833 922 1873 nec
949 1816 1098 1874 vires
1124 1828 1452 1893 suppetunt.

448 1906 795 1965 LXXXVI.
856 1906 968 1966 His
994 1908 1169 1966 rebus
1195 1909 1467 1986 cognitis,
1495 1908 1694 1967 Caesar
1721 1909 2043 1968 Labienum
2065 1929 2201 1968 cum
2230 1910 2436 1969 cohor-

281 1995 294 1998 “
363 1997 520 2057 tibus
540 1998 638 2055 ‘vl‘
663 1999 920 2058 subsidio
948 2000 1343 2060 laborantibus
1369 2001 1545 2060 mittit
1574 2020 1588 2060 t
1632 2001 1894 2078 imperat,
1922 2001 1969 2060 si
1999 2001 2286 2061 sustinere
2312 2021 2433 2061 non

362 2091 563 2168 possit,
592 2093 861 2151 deductis
916 2095 1249 2170 cohortibus
1298 2095 1599 2171 eruptione
1650 2106 1903 2173 pugnet;
1962 2095 2041 2169 id,
2071 2096 2182 2154 nisi
2220 2105 2434 2156 ‘neces-

364 2182 538 2258 sario,
595 2205 669 2246 ne
726 2185 914 2245 faciat.
997 2186 1130 2264 Ipse
1176 2186 1303 2247 'adit
1351 2187 1646 2264 reliquos3
1717 2186 2067 2262 cohortatur,
2115 2209 2189 2248 ne
2244 2190 2426 2249 labori

363 2279 780 2349 succumbant3
824 2278 1082 2337 omnium
1111 2280 1472 2356 superiorum
1513 2280 1951 2338 dimicationum
1991 2281 2239 2339 fructum
2268 2282 2329 2340 in
2358 2301 2432 2341 eo

364 2369 459 2428 die
516 2385 688 2446 atque
739 2371 880 2429 hora
912 2370 1083 2429 docet
1128 2372 1460 2430 consistere.
1544 2371 1876 2444 InterioreS,
1910 2371 2226 2448 desperatis
2273 2393 2432 2432 cam·

360 2463 648 2539 pestribus
688 2464 834 2522 locis
873 2474 1101 2539 propter
1157 2460 1615 2541 magnitudinem
1671 2464 2076 2536 munitionum,
2118 2465 2249 2523 loca
2286 2484 2432 2542 prae-

361 2567 530 2631 rupta
557 2574 627 2614 ex
656 2575 899 2614 ascensu
935 2567 1160 2615 tentant
1190 2574 1203 2612 :
1264 2555 1378 2613 huc
1405 2574 1495 2627 ea,
1524 2575 1652 2631 quae
1692 2554 2050 2633 paraverant,
2081 2558 2426 2617 conserunt:

362 2646 733 2706 multitudine
773 2649 1017 2706 telorum
1059 2666 1130 2705 ex
1170 2647 1427 2705 turribus
1467 2661 1897 2725 propugnantes
1938 2649 2242 2707 deturbant
2273 2670 2286 2708 τ
2332 2670 2428 2729 ag-

360 2755 498 2814 gere
551 2750 609 2796 et
664 2740 918 2797 cratibus
974 2739 1153 2798 fossas
1205 2739 1455 2815 explent,
1514 2740 1701 2797 aditus
1755 2740 2103 2817 expediunt:
2176 2741 2426 2801 falcibus

241 2864 254 2877 .
359 2827 569 2886 vallum
600 2848 669 2887 ac
698 2829 935 2887 loricam
967 2831 1320 2889 rescindunt.

440 2917 818 2979 LXXXVII.
877 2919 1075 2979 Caesar
1116 2923 1292 2982 mittit
1317 2923 1505 2998 primo
1536 2923 1779 2982 Brutum
1823 2923 2245 2983 adolescentem
2287 2944 2424 2983 cum

360 3010 694 3069 cohortibus
740 3031 860 3084 sex,
905 3011 1036 3088 post
1084 3033 1219 3072 cum
1270 3015 1398 3072 aliis
1452 3026 1674 3091 septem
1717 3014 1785 3073 C.
1833 3015 2080 3073 Fabium
2127 3016 2383 3093 legatum
2407 3062 2422 3074 .

357 3102 649 3179 postremo
680 3103 822 3179 ipse,
852 3124 1028 3184 quum
1072 3105 1470 3165 vehementius
1494 3117 1838 3184 pugnarent,
1868 3106 2122 3183 integros
2163 3107 2426 3166 subsidio

360 3194 611 3254 adducit.
697 3195 997 3255 Restituto
1020 3198 1243 3274 p'roelio,
1275 3217 1343 3255 ac
1371 3198 1616 3273 repulsis
1644 3198 1925 3270 hostibus,
1953 3197 2048 3274 eo,
2103 3196 2219 3274 quo
2252 3197 2425 3256 Labi-

358 3304 532 3343 enum
561 3287 814 3361 miserat,
846 3289 1180 3360 contendit3
1224 3290 1492 3347 cohortes
1520 3300 1764 3363 quatuor
1791 3309 1860 3348 ex
1888 3291 2149 3366 proximo
2176 3291 2421 3350 castello

357 3377 629 3450 deducit3
671 3381 929 3454 equitum
958 3399 1021 3439 se
1046 3391 1268 3457 partem
1295 3380 1480 3456 sequi,
1508 3391 1731 3456 partem
1759 3382 2068 3441 circumire
2109 3383 2424 3442 exteriores

358 3469 707 3528 munitiones
726 3482 784 3529 et
804 3472 874 3529 ab
894 3483 1058 3549 tergo
1077 3473 1270 3531 hostes
1293 3472 1504 3530 adoriri
1525 3472 1706 3549 jubet.
1777 3466 2090 3546 LabienuS,
2113 3485 2416 3549 postquam

356 3579 545 3638 neque
601 3581 839 3640 aggeres
891 3582 1080 3639 neque
1134 3564 1297 3622 fossae
1343 3563 1458 3621 vim
1502 3564 1753 3623 hostium
1802 3565 2085 3624 sustinere
2130 3576 2419 3641 poterant,

355 3655 576 3713 coactis
616 3655 1152 3732 undequadraginta
1179 3655 1534 3727 cohortibus,
1564 3675 1707 3731 quas
1733 3675 1805 3714 ex
1830 3657 2107 3732 proximis
2134 3657 2420 3733 praesidiis

355 3748 634 3807 deductas
662 3749 774 3807 fors
800 3749 1026 3819 obtulit,
1040 3743 1338 3806 ‘Caesarem
1365 3768 1468 3825 per
1496 3749 1740 3806 nuncios
1768 3749 1906 3807 facit
1926 3751 2251 3821 certiorem,
2279 3751 2419 3827 quid

358 3838 683 3898 faciendum
712 3839 1014 3898 existimet.
1100 3839 1411 3898 Accelerat
1437 3839 1655 3911 Caesar,
1685 3851 1749 3898 ut
1773 3841 1979 3916 proelio
2006 3841 2255 3905 intersit.

417 3928 837 3997 LXXXVIII.
896 3930 1036 4006 Ejus
1086 3930 1331 3988 adventu
1361 3948 1432 3988 ex
1460 3931 1654 3987 colore
1701 3930 1938 3988 vestitus
1984 3932 2240 4007 cognito,
2272 3932 2416 4011 (quo
2454 4002 2457 4005 ,
