2747 4376
305 282 445 329 cn.
487 286 733 345 11—13.J
967 354 973 359 ·
1079 283 1295 332 mssa
1338 284 1666 334 Tannus.
2334 293 2413 350 49

304 425 577 482 navibus
608 425 824 483 flumen
852 427 1098 484 transire
1126 438 1430 498 conentur,
1459 427 1795 503 prohibeat!
1879 427 1942 486 P.
1975 428 2249 486 Crassum
2277 447 2412 488 cum

302 515 681 594 (ιοΙιοιῚίὸιιε,Ι
700 518 1035 594 legionariis
1064 518 1370 576 duodecim
1401 531 1460 577 et
1486 538 1700 596 magno
1738 537 1980 577 numero
2018 521 2309 594 equitatus
2349 522 2410 580 in

306 600 714 683 Aquitaniam
742 609 1035 685 proficisci
1057 610 1242 686 jubet,
1270 628 1346 667 ne
1373 628 1446 668 ex
1474 611 1563 667 his
1590 611 1920 668 nationibus
1950 612 2161 669 auxilia
2188 612 2247 669 in
2273 614 2411 670 Gal-

304 700 460 758 liam
490 703 823 773 mittantur,
852 720 922 758 ac
948 712 1125 758 tantae
1164 701 1431 759 nationes
1472 701 1912 778 conjungantur.
1994 702 2077 764 Q.
2106 702 2406 762 Titurium

306 793 619 850 Sabinum
646 794 903 870 legatum
933 812 1069 849 cum
1096 793 1422 870 legionibus
1449 794 1632 851 tribus
1660 795 1720 851 in
1747 793 2004 866 Unellos,
2027 794 2407 855 Curiosolitas

307 884 734 960 Lexoviosque
781 885 980 956 mittit,
1030 885 1130 959 qui
1183 903 1312 942 eam
1354 904 1591 942 manum
1634 885 2016 943 distinendam
2064 899 2244 945 curet.
2326 888 2400 946 D.

308 975 582 1034 Brutum
611 977 1038 1036 adolescentem
1080 976 1252 1033 classi
1291 976 1650 1051 Gallicisque
1690 977 1951 1048 navibus,
1979 996 2123 1052 quas
2161 996 2233 1036 ex
2274 978 2404 1037 Pic-

306 1069 570 1126 tonibus
622 1080 683 1126 et
725 1067 1001 1125 Santonis
1042 1067 1396 1141 reliquisque
1447 1067 1669 1142 pacatis
1715 1068 2048 1144 regionibus
2093 1071 2402 1128 convenire

302 1159 597 1236 jusserat,
624 1159 900 1235 praeficit;
944 1170 1023 1229 et,
1045 1176 1223 1232 quum
1247 1156 1502 1233 primum
1525 1159 1725 1234 possit,
1747 1159 1809 1216 in
1839 1159 2093 1217 Venetos
2111 1160 2398 1236 proficisci

303 1251 509 1327 jubet.
594 1250 727 1326 Ipse
754 1249 826 1307 eo
853 1249 1220 1325 pedestribus
1246 1249 1433 1324 copiis
1461 1249 1776 1307 contendit.

406 1341 557 1399 XII.
614 1342 799 1399 Erant
841 1340 1124 1417 ejusmodi
1173 1338 1299 1398 fere
1349 1340 1496 1398 situs
1547 1340 1909 1417 oppidorum,
1964 1352 2047 1411 ut,
2100 1342 2288 1416 posita
2338 1342 2398 1400 in

313 1434 604 1491 extremis
630 1433 867 1510 lingulis
892 1432 1432 1508 promontoriisque,
1461 1450 1650 1506 neque
1685 1431 1820 1506 pedi
1973 1431 2191 1489 aditum
2230 1431 2400 1490 habe-

314 1540 480 1597 rent,
504 1544 680 1600 quum
700 1543 775 1582 ex
804 1525 920 1581 alto
947 1542 1009 1581 se
1037 1535 1209 1581 aestus
1237 1522 1611 1594 incitavisset,
1635 1433 2149 1674 unanccidit
2174 1541 2396 1600 semper

319 1619 599 1677 horarum
648 1617 775 1676 XII
823 1618 1031 1693 spatio,
1079 1635 1268 1692 neque
1309 1617 1574 1687 navibus,
1625 1615 1800 1690 quod,
1948 1636 2047 1674 sus
2099 1618 2395 1677 minuente

321 1723 492 1783 estu,
522 1729 698 1769 naves
726 1710 788 1767 in
826 1709 990 1767 vadis
1033 1708 1456 1766 afflictarentur.
1539 1707 1629 1766 Ita
1666 1709 1909 1784 utraque
1952 1727 2013 1766 re
2053 1710 2390 1786 oppidorum

321 1803 685 1880 oppugnatio
737 1801 1194 1876 impediebatur;
1258 1818 1346 1872 ac,
1391 1800 1442 1857 si
1487 1799 1718 1874 quando
1761 1802 2157 1878 magnitudine
2202 1792 2485 1877 operis*

327 1896 477 1953 sorte
505 1894 782 1971 superati,
804 1903 1047 1959 ‚extruso
1073 1891 1217 1949 mari
1247 1910 1458 1968 aggere
1487 1910 1556 1948 ac
1583 1891 1847 1964 molibus,
1878 1905 2048 1968 atque
2084 1893 2173 1950 his
2214 1894 2391 1953 ferme

326 1988 525 2065 oppidi
571 1987 861 2049 moenibus
904 1985 1236 2058 adaequatiS,
1284 1985 1405 2042 suis
1449 1983 1690 2042 fortunis
1734 1985 2036 2060 desperare
2078 1997 2388 2061 coeperant,

329 2098 541 2156 magno
565 2096 811 2135 numero
848 2078 1081 2133 navium
1123 2075 1379 2151 appuISO,
1409 2074 1573 2152 cujus
1613 2076 1696 2133 rei
1736 2095 2017 2134 summam
2060 2077 2388 2136 facultatem
2411 2081 2458 2133 Χ

332 2172 637 2242 habebant,
682 2188 788 2228 sua
836 2168 1213 2244 deportabant
1264 2167 1478 2239 omnia,
1527 2185 1703 2243 seque
1757 2168 1816 2226 in
1868 2168 2129 2244 proxima
2179 2170 2391 2246 oppida

329 2264 700 2340 recipiebant.
784 2261 877 2318 Ibi
905 2278 968 2318 se
1008 2279 1204 2317 rursus
1243 2260 1446 2327 iisdem
1489 2259 2008 2336 opportunitatibus
2047 2260 2161 2317 loci
2196 2261 2390 2332 defen-

328 2356 557 2413 debant.
642 2353 792 2411 Haec
814 2370 885 2409 eo
907 2349 1135 2409 facilius
1146 2361 1414 2427 magnam
1434 2361 1652 2426 partem
1673 2350 1883 2407 aestatis
1905 2350 2210 2422 faciebant,
2233 2350 2388 2432 quod

327 2458 537 2505 nostrae
565 2463 742 2502 naves
769 2443 1202 2519 tempestatibus
1241 2442 1664 2513 detinebantur,
1693 2459 2029 2514 summaque
2069 2453 2190 2499 erat
2230 2455 2392 2501 vasto
2424 2450 2431 2460 ⁸

330 2549 502 2612 atque
531 2549 727 2614 aperto
752 2536 916 2606 mari,
945 2535 1171 2611 magnis
1212 2534 1465 2603 aestibus,
1494 2533 1638 2590 raris
1679 2550 1748 2589 ac
1788 2551 1965 2608 prope
2006 2532 2179 2591 nullis
2217 2535 2389 2610 porti-

328 2632 455 2701 bus,
485 2629 793 2687 difficultas
816 2626 1144 2703 navigandi.

408 2722 581 2779 XIH.
639 2720 908 2794 Namque
937 2719 1189 2793 ipsorum
1218 2735 1395 2774 naves
1423 2715 1494 2773 ad
1529 2716 1686 2773 hunc
1727 2716 1961 2773 modum
2000 2716 2165 2776 factae
2207 2738 2386 2778 arma-

326 2826 517 2888 taeque
571 2822 750 2870 erant.
853 2811 1082 2868 Carinae
1132 2810 1425 2884 aliquanto
1473 2808 1781 2884 planiores,
1836 2808 2007 2883 quam
2062 2823 2383 2881 nostrarum

329 2906 582 2976 navium,
613 2903 729 2979 quo
758 2900 987 2961 facilius
1015 2901 1160 2958 vada
1188 2919 1257 2982 ac
1284 2900 1582 2957 decessum
1613 2901 1785 2957 aestfis
1811 2901 2075 2976 excipere
2113 2915 2380 2977 possent:

324 3016 510 3074 prorae
550 2995 858 3053 admodum
900 3004 1127 3064 erectae,
1158 3003 1328 3067 atque
1367 2992 1506 3049 item
1546 3010 1782 3068 puppeS,
1815 2992 1884 3048 ad
1928 2994 2382 3070 magnitudinem
2432 3073 2439 3080 ⁸

329 3090 607 3144 fluctuum
640 3098 1152 3160 tempestatumque
1198 3083 1674 3141 accommodatae:
1717 3102 1891 3141 naves
1932 3095 2066 3141 totae
2108 3086 2271 3143 factae
2310 3105 2383 3145 ex

327 3182 551 3248 robore,
585 3180 653 3234 ad
687 3180 942 3252 quamvis
974 3180 1082 3230 vim
1122 3188 1178 3232 et
1218 3175 1624 3233 contumeliam
1663 3176 2060 3251 perferendam
2080 3197 2101 3253 :-
2136 3189 2382 3237 transtra

325 3274 623 3348 pedalibus
671 3272 727 3326 in
774 3270 1128 3324 latitudinem
1176 3267 1433 3324 trabibus
1474 3266 1699 3324 confixa
1745 3266 1922 3325 clavis
1969 3268 2184 3340 ferreis,
2214 3257 2379 3347 digiti

323 3364 551 3440 pollicis
605 3362 1018 3418 crassitudine:
1092 3378 1333 3430 aucorae,
1401 3378 1506 3435 pro
1567 3359 1853 3436 ,funibuffi
1894 3360 2092 3417 ferreis
2160 3365 2379 3421 catenis
2426 3378 2481 3416 <⁸

323 3456 633 3512 revinctae:
691 3454 868 3526 pelles
916 3472 1018 3524 pro
1062 3452 1220 3520 velis,
1279 3451 1561 3525 alutaeque
1605 3451 1854 3508 tenuiter
1908 3452 2204 3525 confectae,
2260 3456 2379 3513 sive

263 3541 267 3549 ’
321 3560 549 3624 propter
581 3546 683 3602 lini
719 3544 962 3616 inopiam
998 3556 1162 3614 atque
1192 3541 1313 3617 ejus
1354 3541 1492 3599 usus
1533 3542 1914 3613 inscientiam,
1944 3544 2063 3602 sive
2103 3544 2195 3616 eo,
2225 3546 2374 3619 quod

323 3654 408 3696 est
439 3636 621 3715 magis
653 3636 974 3703 verisimile,
1010 3634 1158 3707 qum}
1190 3644 1375 3690 tantas
1400 3643 1766 3708 tempestates
1802 3634 2047 3705 Oceani,
2077 3648 2377 3709 tantosque

323 3733 571 3805 impetus
603 3739 898 3783 ventorum
944 3725 1329 3795 sus-ati1·1eri,ac
1371 3735 1533 3781 tanta
1578 3744 1757 3782 onera
1802 3727 2033 3782 navium
2075 3727 2194 3800 regi
2240 3726 2377 3782 velis

321 3843 435 3881 non
465 3821 605 3879 satis
637 3819 934 3873 omnmods}
976 3837 1140 3891 posse
1174 3816 1603 3874 arbitrabantur.
1687 3816 1838 3874 Cum
1868 3815 1957 3872 his
1985 3816 2224 3872 navibus
2252 3834 2378 3873 nos-

321 3927 419 3971 trae
451 3911 623 3969 classi
671 3909 942 3981 ejusmodi
994 3926 1333 3979 congressus
1360 3918 1502 3977 erat,
1531 3920 1594 3965 ut
1635 3907 1751 3963 unii
1793 3905 2088 3961 eeleritate
2123 3916 2182 3963 et
2206 3906 2376 3981 pulsu

958 4021 992 4055 Ο
