2747 4376
338 298 419 356 84
996 292 1092 340 Dr:
1138 290 1372 339 miano
1422 288 1741 337 GAmeo
2011 288 2167 393 [ens
2199 286 2403 334 :io-sa.

341 456 474 515 pars
501 437 746 495 militum
774 434 1109 494 exaudiret·
1151 440 1189 468 “
1213 431 1426 508 Neque
1465 432 1515 489 is
1553 432 1739 503 sum,”
1771 430 1975 506 inquit,
2007 436 2045 462 “
2068 428 2168 504 qui
2197 428 2406 505 gravis·

343 528 488 587 sime
518 548 590 587 ex
617 527 778 586 vobis
804 526 1005 584 mortis
1029 510 1292 602 periculo
1316 535 1571 583 terrear:
1614 523 1674 580 hi
1716 522 1960 598 sapient,
1988 532 2047 579 et
2085 521 2135 577 si
2176 520 2405 598 gravius

345 621 482 696 quid
513 619 808 690 acciderit,
840 620 940 676 abs
967 628 1025 675 te
1052 618 1333 675 rationem
1360 624 1703 691 reposcent.
1746 615 1866 689 qui,
1895 613 1944 670 si
1970 631 2072 689 per
2112 623 2171 670 te
2212 613 2401 684 liceat,

345 713 661 790 perendino
713 712 809 770 die
857 729 991 768 cum
1032 708 1307 785 proximis
1355 707 1610 765 hibernis
1663 706 1982 782 conjuncti,
2038 723 2400 762 communem

347 825 481 865 cum
508 806 743 882 reliquis
769 805 905 863 belli
933 823 1133 862 casum
1161 803 1500 873 sustineant,
1522 820 1634 860 nec
1655 801 1854 878 rejecti
1881 810 1940 859 et
1965 800 2205 877 relegati
2232 796 2401 876 longe

335 900 422 956 ab
449 900 658 956 ceteris
687 908 786 956 aut
813 898 964 955 ferro
993 905 1091 953 aut
1119 895 1269 954 fame
1298 894 1637 952 intereant.''

390 1016 393 1019 ·
425 989 662 1048 XXXL
717 989 1101 1065 Consurgitur
1129 1005 1202 1044 ex
1241 985 1518 1055 consili03
1562 982 2060 1060 comprehendunt
2100 991 2405 1055 utrumque

347 1091 406 1141 et
445 1091 630 1153 orant,
672 1087 688 1113 ‘
707 1099 783 1139 ne
825 1079 931 1138 suz‘i
974 1076 1333 1137 dissensione
1376 1087 1434 1134 et
1474 1075 1794 1152 pertinacia
1841 1092 1964 1132 rem
2004 1073 2067 1131 in
2118 1091 2405 1131 summum

344 1172 671 1250 periculum
697 1171 1026 1231 deducant:
1069 1169 1299 1229 facilem
1338 1186 1467 1226 esse
1505 1184 1649 1239 rem,
1676 1185 1780 1225 seu
1806 1175 2097 1237 maneant,
2125 1183 2230 1222 seu
2258 1163 2407 1240 prof·

349 1263 684 1335 iciscantur,
710 1263 760 1321 si
801 1260 974 1320 modo
1003 1279 1183 1319 unum
1227 1278 1430 1318 omnes
1474 1258 1726 1317 sentiant
1768 1276 1838 1315 ac
1880 1257 2162 1334 probent3
2173 1253 2406 1315 -contra

350 1354 410 1413 in
437 1346 793 1414 dissensione
819 1354 1036 1411 nullam
1065 1371 1128 1411 se
1154 1353 1235 1410 sal
1243 1362 1397 1410 utem
1424 1349 1784 1427 perspicere?
1870 1348 1996 1406 Res
2022 1348 2407 1425 disputatione

352 1447 423 1504 ad
467 1447 717 1505 mediam
760 1452 992 1503 noctem
1038 1443 1413 1520 perducitur:
1462 1441 1697 1499 tandem
1750 1441 1850 1498 dat
1903 1440 2079 1498 Cotta
2115 1450 2406 1515 permotus

350 1556 591 1609 manus;
647 1549 877 1613 superat
920 1535 1205 1594 sententia
1258 1533 1480 1591 Sabini.
1562 1532 1986 1591 Pronunciatur
2038 1531 2224 1607 prima
2277 1532 2407 1589 luce

352 1629 566 1686 ituros:
611 1628 968 1686 consumitur
997 1626 1210 1703 vigiliis
1237 1625 1458 1699 reliqua
1484 1643 1617 1700 pars
1657 1624 1867 1695 noctiS,
1897 1642 2075 1698 quum
2115 1642 2221 1680 sua
2260 1623 2408 1697 quis-

352 1738 465 1794 que
490 1720 667 1782 miles
707 1718 1199 1794 circumspiceret,
1230 1717 1367 1791 quid
1410 1735 1609 1774 secum
1649 1726 1877 1791 portare
1914 1725 2130 1791 posset,
2160 1714 2299 1790 quid
2338 1733 2410 1772 ex

294 1822 303 1829 ’
353 1810 732 1868 instrumento
759 1810 1129 1867 hibernorum
1157 1809 1483 1883 relinquere
1524 1818 1843 1884 cogeretur.
1925 1806 2144 1864 Omnia
2182 1806 2410 1882 excogi-

351 1911 565 1971 tantur,
597 1919 773 1976 quare
800 1919 912 1959 nec
940 1901 1064 1958 sine
1099 1900 1361 1975 periculo
1400 1911 1719 1971 maneatur,
1749 1910 1807 1958 et
1844 1899 2123 1975 languore
2163 1898 2409 1956 militum

353 2003 411 2049 et
438 1991 649 2068 vigiliis
675 1992 997 2068 periculum
1029 2002 1320 2068 augeatur.
1402 1990 1600 2048 Prima
1627 1992 1761 2048 luce
1788 1990 1875 2048 sic
1914 2009 1985 2048 ex
2027 1991 2233 2049 castris
2259 1989 2412 2064 prof-

240 2124 251 2131 ·
302 2128 315 2135 -
353 2082 692 2155 iciscuntur,
734 2094 817 2155 ut,
860 2083 1070 2158 quibus
1107 2093 1258 2147 essct
1298 2100 1639 2157 persuasum
1685 2101 1803 2140 non
1854 2082 1925 2139 ab
1970 2082 2152 2152 hoste,
2195 2082 2295 2139 sed
2339 2082 2411 2138 ab

355 2174 587 2234 homine
643 2176 994 2234 amicissimo
1047 2174 1389 2252 Ambiorige
1444 2174 1751 2233 consilium
1804 2174 2038 2246 datum,
2076 2173 2412 2252 longissimo

355 2268 583 2346 agmine
622 2268 999 2344 maximisque
1040 2267 1483 2343 impedimentis.

432 2360 698 2417 XXXII.
755 2360 839 2419 At
885 2361 1097 2430 hostes,
1155 2369 1531 2434 posteaquam
1584 2377 1655 2417 ex
1703 2362 1995 2416 nocturno
2048 2357 2276 2415 fremitu
2334 2358 2412 2414 vi-

353 2451 622 2528 giliisque
651 2452 722 2508 de
749 2451 1106 2527 profectione
1133 2469 1333 2508 eorum
1362 2461 1683 2521 senserunt,
1714 2450 2012 2507 collocatis
2041 2448 2264 2506 insidiis
2291 2448 2414 2523 bip-
2445 2460 2455 2470 ·

356 2540 524 2600 artito
554 2543 613 2600 in
641 2542 798 2600 silvis
824 2553 1147 2618 opportuno
1175 2552 1345 2617 atque
1372 2541 1605 2598 occulto
1629 2541 1779 2612 loco,
1805 2560 1839 2598 a
1862 2540 2115 2623 millibus
2139 2533 2411 2616 passuum

355 2633 586 2691 circiter
614 2633 859 2705 duobus,
888 2633 1290 2692 Romanorum
1319 2632 1623 2689 adventum
1654 2632 2092 2708 exspectabant:
2136 2642 2212 2703 et,
2235 2650 2410 2707 quum

353 2741 417 2781 se
463 2723 642 2800 major
689 2743 824 2799 pars
872 2725 1118 2801 agminis
1162 2724 1222 2782 in
1269 2741 1538 2801 magnam
1593 2724 1910 2780 convallem
1958 2722 2297 2794 demisisset,
2341 2741 2411 2780 ex

353 2815 599 2889 utraque
624 2825 786 2890 parte
827 2815 952 2891 ejus
991 2816 1154 2873 vallis
1190 2813 1381 2873 subito
1431 2833 1493 2872 se
1539 2814 1932 2886 ostenderunt,
1961 2815 2413 2890 novissimosque

353 2924 632 2982 premere,
662 2918 720 2964 et
745 2908 959 2983 primos
984 2907 1288 2982 prohibere
1331 2906 1634 2976 adscensu,
1667 2917 1836 2981 atque
1877 2906 2239 2980 iniquissimo
2284 2925 2414 2963 nos-

353 2998 457 3056 tris
483 2998 615 3055 l'oco
638 2999 905 3074 proelium
934 2998 1291 3055 committere
1320 3007 1633 3072 coeperunt.

433 3088 729 3147 XXXIII.
758 3089 918 3147 Tum
942 3089 1173 3147 demum
1194 3088 1482 3161 Titurius,
1507 3100 1571 3147 ut
1594 3089 1693 3163 qui
1714 3089 1858 3146 nihil
1890 3087 2021 3146 ante
2049 3088 2411 3164 providisset,

354 3180 658 3255 trepidare,
702 3200 1051 3239 concursare
1090 3180 1473 3254 cohortesque
1514 3181 1849 3256 disponere3
1893 3180 2017 3237 haec
2057 3191 2249 3237 tamen
2292 3179 2415 3255 ipsa

294 3282 317 3346 J
354 3271 582 3342 timide,
609 3282 778 3347 atque
807 3282 869 3329 ut
894 3291 1028 3330 eum
1056 3272 1252 3329 omnia
1277 3271 1526 3330 deficere
1566 3273 1931 3330 viderentur:
1974 3272 2125 3346 quod
2164 3269 2416 3347 plerum-

354 3380 468 3437 que
496 3362 567 3419 iis
596 3364 861 3420 accidere
890 3363 1205 3434 consuevit,
1236 3363 1334 3437 qui
1363 3363 1423 3420 in
1453 3363 1578 3439 ipso
1613 3365 1846 3440 negotio
1873 3363 2176 3421 consilium
2206 3381 2413 3438 capere

355 3463 658 3530 coguntur.
742 3454 825 3512 At
865 3455 1057 3525 Cotta,
1103 3455 1205 3529 qui
1246 3455 1559 3531 cogitasset
1599 3455 1724 3512 haec
1764 3474 1933 3530 posse
1973 3455 2033 3512 in
2075 3455 2278 3512 itinere
2321 3474 2414 3511 ac·

355 3545 572 3617 cidere,
624 3556 793 3621 atque
840 3546 915 3603 ob
957 3564 1085 3602 eam
1129 3534 1368 3604 vcausam
1406 3547 1779 3622 profectionis
1809 3558 2006 3603 auctor
2032 3565 2149 3603 non
2192 3546 2410 3617 fuisset,

353 3637 513 3694 nulla
543 3637 603 3694 in
631 3655 694 3695 re
722 3637 1015 3694 communi
1042 3637 1213 3695 saluti
1241 3637 1474 3708 deerat;
1519 3648 1577 3695 et
1618 3639 1677 3695 in
1721 3637 2071 3713 appellandis
2113 3638 2415 3694 cohortan-

354 3727 556 3803 disque
585 3729 864 3788 militibus
909 3729 1268 3805 imperatoris
1310 3740 1367 3787 et
1408 3730 1468 3787 in
1506 3729 1704 3805 pugna
1744 3729 1941 3786 militis
1968 3729 2160 3787 officia
2182 3741 2413 3804 praesta-

353 3818 467 3876 bat.
548 3819 869 3895 Quumque
894 3831 1125 3896 propter
1165 3811 1586 3897 longitudinem
1618 3819 1862 3894 agminis
1887 3819 2081 3877 minus
2108 3819 2279 3877 facile
2308 3839 2411 3895 per

353 3926 415 3965 se
444 3911 637 3968 omnia
663 3912 843 3982 obire,
873 3923 930 3969 et
958 3912 1096 3986 quid
1126 3904 1353 3986 quoque
1381 3912 1514 3968 loco
1541 3909 1869 3967 faciendum
1912 3923 2080 3981 esset,
2109 3912 2410 3987 providere
