2747 4376
326 275 409 335 56
982 273 1077 322 ns
1121 271 1354 323 BELLQ
1402 271 1721 322 GAmeo
2037 278 2086 287 -·
2153 273 2311 337 [cir.
2345 267 2370 321 ι·

331 416 714 475 contulerunt.
797 414 895 472 Ad
938 433 1176 490 quarum
1231 414 1459 472 initium
1499 415 1769 472 silvarum
1811 434 1988 490 quum
2029 415 2229 472 Caesar
2266 432 2400 491 per-⁶

331 508 598 579 venisset,
654 516 960 581 castraque*
1008 502 1234 563 munire
1276 507 1635 577 instituisset,
1683 525 1872 581 neque
1924 507 2104 564 hostis
2160 507 2387 564 interim

330 598 486 656 visus
512 608 681 669 esset,
710 598 980 673 dispersis
1008 598 1068 654 in
1095 616 1267 673 opere
1308 600 1537 670 nostris,
1566 596 1772 669 subito·
1799 616 1870 656 ex
1909 598 2179 656 omnibus
2219 610 2387 675 parti-

327 689 440 746 bus
466 689 620 746 silvae
649 691 1037 760 evolaverunt,-
1062 699 1119 746 et
1147 690 1206 745 in
1244 701 1469 747 nostros
1508 689 1785 765 impetum
1826 678 2108 748 feceruntss
2185 690 2386 748 Nostri

332 780 594 838 celeriter
623 800 780 838 arma
821 791 1118 856 ceperunt,
1146 799 1358 855 eosque
1402 781 1464 838 in
1504 781 1675 838 silvas
1720 781 2083 856 repulerunt3
2127 792 2205 853 et,
2236 801 2391 840 com-

226 924 232 929 ,
330 871 591 947 pluribus
630 872 966 943 interfectiS,
994 870 1224 949 longius
1265 872 1723 948 impeditioribus
1756 872 1902 930 locis
1937 872 2144 944 secuti,
2170 892 2389 949 paucos

330 981 404 1021 ex
430 963 549 1021 suis
580 963 1040 1039 deperdiderunt.

410 1054 646 1114 XXIX.
702 1054 970 1129 Reliquis
1010 1055 1285 1131 deinceps
1325 1055 1528 1112 diebus
1571 1053 1769 1112 Caesar
1818 1055 1989 1113 silvas
2039 1054 2264 1114 caedere
2304 1056 2390 1113 in-
2413 1056 2483 1141 f

222 1188 228 1199 .
331 1145 549 1228 stituit-3
608 1156 685 1218 et,
728 1164 804 1203 ne
849 1146 979 1220 quis
1025 1146 1340 1203 inermibus
1385 1146 1955 1222 imprudentibusque
1997 1147 2275 1205 militibus
2316 1148 2389 1204 ab

334 1346 501 1399 caesa,
531 1346 864 1386 conversam
894 1328 966 1385 ad
993 1328 1213 1385 hostem
1256 1327 1597 1399 collocabat,
1626 1337 1685 1386 et
1723 1347 1830 1404 pro
1871 1329 2021 1387 vallo
2060 1330 2133 1386 ad
2175 1341 2389 1387 utrum-

335 1438 446 1493 que
472 1420 620 1477 latus
640 1419 981 1478 exstruebat.
1064 1418 1402 1477 Incredibili
1424 1419 1718 1478 celeritate
1741 1439 1954 1497 magno
1980 1420 2165 1496 spatio
2183 1422 2388 1496 paucis

332 1511 536 1569 diebus
562 1510 847 1583 confect0,
877 1530 1053 1586 quum
1088 1512 1208 1587 jam
1247 1530 1429 1587 pecus
1472 1523 1643 1587 atque
1686 1523 1940 1570 extrema
1979 1512 2390 1588 impedimenta

335 1602 406 1659 ab
451 1603 660 1660 nostris
704 1612 1054 1674 tenerentur,
1096 1603 1205 1678 ipsi
1247 1602 1539 1661 densiores
1584 1604 1754 1662 silvas
1798 1614 2077 1680 peterent,
2106 1603 2388 1680 ejusmodi

332 1703 698 1769 tempestates
723 1703 857 1751 sunt
885 1706 1232 1765 consecutas,
1258 1693 1337 1753 uti
1360 1713 1507 1770 opus
1534 1694 1860 1753 necessario
1883 1696 2352 1754 intermitteretur
2369 1741 2386 1767 ,

333 1795 392 1841 et
418 1784 849 1842 continuatione
876 1785 1142 1843 imbrium
1173 1786 1390 1844 diutius
1425 1787 1532 1843 sub
1569 1786 1817 1863 pellibus
1854 1787 2066 1846 m-ilites
2102 1787 2387 1846 contineri

333 1894 449 1932 non
475 1886 724 1950 possent.
807 1875 1029 1951 Itaque,
1056 1877 1289 1935 vastatis
1328 1878 1596 1935 omnibus
1635 1895 1834 1937 eorum
1877 1878 2046 1955 agris,
2074 1879 2218 1937 vicis
2255 1880 2388 1937 aedi-
2419 1888 2447 1952 ss

334 1966 596 2041 ficiisque
635 1966 912 2039 incensis,
960 1968 1155 2026 Caesar
1204 1970 1520 2027 exercitum
1570 1969 1833 2041 reduxit3
1891 1980 1950 2029 et
2001 1971 2063 2028 in
2115 1970 2388 2029 Aulercis

334 2056 738 2134 Lexoviisque,
792 2060 1028 2135 reliquis
1082 2060 1219 2118 item
1273 2061 1623 2133 civitatibus,
1678 2081 1806 2137 quae
1857 2060 2116 2139 proxime
2172 2061 2386 2121 bellum

336 2149 610 2222 fecerant,
654 2151 713 2209 in
756 2151 1010 2211 hibernis
1049 2148 1368 2211 collocavit.
2321 2171 2328 2179 ·

333 1238 510 1296 latere
557 1237 803 1313 impetus
844 1236 970 1295 fieri
1015 1247 1227 1313 posset,
1275 1255 1507 1294 omnem
1550 1255 1677 1295 eam
1722 1238 2039 1310 materiam,
2084 1257 2212 1313 quae
2266 1250 2390 1297 erat
2683 1256 2691 1271 ⁴

762 2739 901 2801 DE
979 2738 1357 2803 BELLO
1438 2738 1962 2804 GALLICO

1119 2954 1402 3007 LIBER
1462 2954 1589 3008 1v.
2685 2941 2691 3262 Ι

411 3155 457 3214 Ι.
516 3155 625 3227 Ea,
654 3175 781 3236 quae
823 3167 1022 3214 secuta
1062 3168 1167 3228 est,
1198 3157 1407 3227 hieme,
1437 3156 1535 3230 qui
1579 3155 1685 3214 fuit
1726 3174 1911 3213 annus
1951 3155 2060 3214 Cn.
2091 3156 2383 3231 Pompeio,

332 3245 417 3308 M.
446 3243 676 3305 'Crasso
722 3248 1076 3319 consulibuS,
1120 3249 1385 3324 Usipetes
1423 3247 1699 3304 Germani
1742 3259 1800 3305 et
1846 3248 1985 3306 item
2027 3247 2382 3306 Tenchtheri

334 3340 543 3414 magna
572 3358 703 3397 cum
733 3340 1105 3406 multitudine
1131 3340 1429 3403 hominum
1457 3338 1669 3402 flumen
1700 3338 1978 3398 Rhenum
2020 3340 2382 3410 transierunt,

332 3449 449 3487 non
477 3429 648 3507 longe
680 3450 713 3488 a
739 3432 904 3499 mari,
936 3424 1048 3506 quo
1079 3432 1326 3489 Rhenus
1359 3430 1563 3488 influit.
1650 3430 1845 3488 Causa
1884 3432 2215 3488 transeundi
2261 3432 2382 3502 fuit,

334 3521 489 3596 quod
521 3523 591 3579 ab
633 3523 838 3579 Suevis
880 3524 1204 3598 complures
1238 3541 1417 3579 annos
1458 3522 1730 3598 exagitati
1772 3523 1924 3580 bello
1961 3523 2381 3598 premebantur,

334 3624 392 3671 et
420 3613 1261 3690 agriculturfi‘prohibebantur.
1344 3614 1665 3670 Suevorum
1706 3632 1850 3691 gens
1888 3625 1975 3671 est
2021 3603 2193 3691 longe
2238 3633 2385 3672 max-

335 3705 450 3761 ima
478 3716 535 3762 et
563 3705 996 3762 bellicosissima
1021 3705 1442 3762 Germanorum
1470 3705 1746 3762 omnium.
1830 3704 1913 3762 Hi
1943 3704 2176 3763 centum
2212 3725 2384 3782 pagos
2689 3761 2690 3786 *

336 3796 545 3855 habere
574 3796 863 3866 dicuntur,
893 3814 962 3852 ex
990 3794 1198 3869 quibus
1226 3796 1530 3868 quotannis
1559 3797 1786 3873 singula
1821 3796 2002 3854 millia
2043 3809 2380 3855 armatorum
2687 3793 2691 3952 ι

336 3887 583 3946 bellandi
613 3888 787 3944 causa
817 3905 886 3943 ex
927 3885 1136 3942 finibus
1177 3886 1449 3958 educunt,
1534 3886 1793 3961 Reliqui,
1824 3888 1921 3962 qui
1966 3888 2120 3945 domi
2170 3907 2394 3946 manses
