2747 4376
342 314 413 370 16
766 292 777 304 ⁴
990 310 1084 358 os
1134 311 1364 358 animo
1413 310 1735 359 GAmnco
2005 310 2162 375 [cst.
2195 311 2388 359 25-27

333 464 626 528 poterant;
688 453 853 511 multi
900 465 980 524 ut,
1028 452 1125 511 diu
1168 454 1389 529 jactato
1428 453 1687 525 brachio,
1742 458 2128 530 praeoptarent
2173 465 2403 512 scutum

334 563 506 602 manu
536 546 815 616 emittere,
846 557 904 603 et
933 545 1088 602 nudo
1118 564 1357 621 corpore
1385 564 1663 622 pugnare.
1747 546 2039 618 Tandem,
2070 547 2404 604 vulneribus

334 636 562 707 defessi,
592 649 650 694 et
676 638 879 713 pedem
920 639 1152 708 referre,
1182 648 1259 708 et,
1289 638 1446 712 quod
1486 657 1651 695 mons
1692 639 1924 696 suberat
1965 639 2197 696 circiter
2246 638 2403 695 mille

326 747 624 805 passuum,
653 728 723 786 eo
754 748 815 785 se
846 729 1100 805 recipere
1130 740 1443 805 coeperunt.
1530 729 1717 805 Capto
1755 740 1949 787 monte
1990 741 2049 787 et
2088 731 2404 787 succeden-

334 808 755 889 tibusxnostris,
792 820 917 881 Boii
959 832 1017 878 et
1063 820 1330 898 Tulingi,
1375 821 1474 896 qui
1523 822 1823 878 hominum
1871 822 2126 879 millibus
2169 822 2401 879 circiter

335 911 449 968 XV
483 930 687 989 agmen
720 913 964 983 hostium
995 913 1361 985 claudebant,
1387 924 1450 971 et
1476 913 1803 971 novissimis
1827 913 2099 989 praesidio
2125 925 2305 983 erant,
2329 933 2400 970 ex

337 1003 539 1060 itinere
570 1016 790 1061 nostros
820 1006 995 1061 latere
1026 1016 1222 1080 aperto
1252 1006 1526 1081 aggressi,
1558 1004 2026 1063 circumvenere:
2073 1016 2130 1062 et
2172 1006 2229 1061 id
2264 1025 2401 1062 con-

333 1096 536 1170 spicati
575 1096 841 1167 Helvetii,
872 1097 968 1171 qui
1001 1097 1059 1154 in
1098 1108 1349 1155 montem
1394 1116 1519 1154 sese
1561 1108 1918 1172 receperant,
1948 1117 2145 1154 rursus
2186 1097 2400 1156 instare

332 1198 389 1244 et
444 1188 705 1262 proelium
761 1188 1153 1265 redintegrare
1202 1200 1517 1264 coeperunt.
1603 1189 1859 1245 Romani
1910 1208 2187 1246 conversa
2233 1189 2401 1266 signa

336 1279 602 1354 bipartito
635 1280 983 1338 intulerunt:
1028 1281 1213 1356 prima
1241 1299 1310 1337 ac
1338 1281 1597 1337 secunda
1640 1281 1813 1352 acies,
1845 1290 1908 1337 ut
1947 1281 2116 1337 victis
2159 1300 2227 1338 ac
2267 1282 2401 1337 sub-

332 1371 501 1428 motis
532 1371 851 1441 resisteret;
895 1373 1083 1443 tertia,
1115 1385 1174 1429 ut
1206 1372 1500 1429 venientes
1528 1373 1835 1449 exciperet.
1997 1380 2008 1389 ‘

412 1462 640 1521 XXVI.
699 1463 787 1522 Ita
817 1464 1052 1540 ancipiti
1080 1465 1283 1541 proelio
1323 1464 1423 1522 diu
1470 1475 1639 1539 atque
1682 1465 1888 1522 acriter
1929 1476 2246 1542 pugnatum
2290 1478 2393 1522 est.

337 1552 570 1612 Diutius
600 1573 777 1630 quum
810 1569 1132 1612 nostrorum
1180 1556 1427 1631 impetus
1467 1557 1751 1614 sustinere
1793 1576 1910 1614 non
1951 1568 2202 1633 possent,
2234 1557 2395 1613 alteri

333 1663 414 1716 se,
446 1657 509 1704 ut
535 1658 846 1723 coeperant,
878 1647 936 1704 in
967 1659 1219 1704 montem
1247 1658 1622 1725 receperunt;
1669 1647 1832 1705 alteri
1875 1646 1946 1704 ad
1987 1647 2398 1723 impedimenta

333 1751 389 1795 et
419 1756 613 1795 carros
641 1756 775 1795 suos
801 1756 864 1797 se
893 1740 1276 1797 contulerunt.
1361 1738 1421 1795 N
1428 1758 1517 1796 am
1546 1739 1658 1797 hoc
1694 1749 1817 1797 toto
1855 1738 2076 1815 proelio,
2105 1757 2281 1814 quum
2326 1741 2397 1796 ab

334 1829 474 1886 hora
502 1830 745 1905 septima
776 1830 846 1887 ad
876 1848 1173 1906 vesperum
1201 1841 1520 1907 pugnatum
1548 1830 1640 1902 sit,
1666 1849 1925 1888 aversum
1954 1830 2175 1888 hostem
2202 1830 2397 1889 videre

332 1939 504 1978 nemo
530 1921 730 1998 potuit.
817 1921 910 1978 Ad
940 1921 1176 1979 multam
1204 1933 1437 1980 noctem
1479 1922 1651 1979 etiam
1696 1922 1767 1979 ad
1808 1922 2218 1999 impedimenta
2255 1942 2396 2000 pug-

331 2023 530 2070 natum
559 2025 665 2083 est,
695 2026 995 2089 propterea
1027 2013 1182 2088 quod
1209 2033 1315 2090 pro
1342 2013 1491 2071 vallo
1520 2032 1714 2070 carros
1739 2014 2091 2089 objecerant,
2121 2023 2179 2071 et
2205 2033 2238 2071 e
2264 2014 2396 2072 loco

333 2104 626 2180 superiore
669 2104 726 2162 in
781 2117 1004 2163 nostros
1060 2105 1354 2163 venientes
1409 2104 1525 2162 tela
1572 2106 1980 2182 conjiciebant,
2027 2117 2082 2163 et
2133 2107 2393 2164 nonnulli

334 2197 479 2254 inter
509 2215 701 2255 carros
732 2210 997 2273 rotasque
1026 2208 1270 2255 mataras
1314 2218 1383 2255 ac
1420 2199 1675 2275 tragulas
1716 2198 2119 2275 subjiciebant,
2149 2211 2395 2257 nostros-

333 2306 443 2363 que
498 2289 889 2348 vulnerabant.
974 2287 1093 2348 Dia
1149 2309 1324 2365 quum
1376 2303 1525 2347 esset
1577 2303 1913 2366 pugnatum,
1973 2291 2394 2366 impedimentis

331 2381 649 2458 castrisque
676 2382 854 2439 nostri
884 2382 1049 2458 potiti
1077 2393 1226 2439 sunt.
1310 2381 1400 2438 Ibi
1428 2381 1793 2459 Orgetorigis
1819 2382 1954 2453 filia,
1988 2395 2155 2457 atque
2185 2403 2332 2439 unus
2360 2402 2393 2439 e

331 2472 463 2530 filiis
492 2485 693 2549 captus
722 2486 823 2532 est.
910 2474 997 2531 Ex
1026 2491 1097 2531 eo
1121 2473 1326 2549 proelio
1354 2474 1586 2532 circiter
1615 2475 1794 2531 millia
1830 2474 2123 2531 hominurn
2154 2474 2385 2531 CXXX

330 2565 753 2641 superfuerunt,
784 2567 968 2640 eaque
994 2567 1114 2623 tota
1144 2577 1316 2624 nocte
1345 2566 1707 2623 continenter
1740 2566 1928 2624 ierunt
1954 2586 1966 2623 :
2011 2566 2226 2622 nullam
2270 2586 2393 2641 par-

331 2667 445 2714 tem
497 2658 682 2714 noctis
732 2658 935 2715 itinere
982 2658 1323 2728 intermisso,
1371 2659 1431 2714 in
1484 2657 1624 2714 fines
1671 2658 1994 2733 Lingonum
2045 2659 2138 2716 die
2193 2672 2394 2732 quarto

330 2760 731 2825 pervenerunt,
760 2768 936 2823 quum
966 2761 1022 2805 et
1053 2764 1280 2824 propter
1311 2749 1546 2805 vulnera
1576 2748 1817 2818 militum
1849 2760 1905 2805 et
1949 2762 2173 2824 propter
2212 2751 2395 2825 sepul·

236 2885 247 2888 -
330 2852 515 2897 turam
544 2841 869 2898 occisorum
913 2841 1110 2910 nostri,
1139 2840 1393 2896 triduum
1441 2838 1662 2908 morati,
1692 2857 1791 2894 eos
1832 2840 1995 2913 sequi
2039 2860 2153 2897 non
2182 2843 2394 2917 potuis-

330 2944 473 2990 sent.
557 2931 752 2990 Caesar
802 2932 872 2989 ad
926 2931 1218 3007 Lingonas
1272 2931 1468 2987 literas
1516 2929 1878 3003 nunciosque
1934 2931 2108 3001 misit,
2165 2951 2238 2989 ne
2294 2952 2395 2991 eos

334 3024 618 3082 frumento
644 3042 787 3080 neve
818 3023 929 3079 alia
960 3041 1023 3079 re
1043 3022 1309 3098 juvarent
1332 3042 1345 3079 ε
1391 3020 1489 3096 qui
1518 3021 1567 3078 si
1589 3020 1891 3096 juvissent,
1922 3039 1985 3077 se
2012 3022 2215 3080 eodem
2243 3025 2392 3094 loc0,

331 3134 445 3189 quo
474 3114 790 3185 Helvetios,
822 3114 1166 3171 habiturum.
1250 3112 1404 3189 Ipse,
1433 3112 1625 3169 triduo
1667 3111 2010 3184 intermisSO,
2040 3132 2175 3170 curn
2215 3116 2396 3172 omni-

332 3207 439 3264 bus
466 3205 650 3281 copiis
676 3223 775 3263 eos
803 3203 965 3279 sequi
993 3204 1182 3279 coepit.
1292 3269 1299 3276 ,

411 3296 669 3355 XXVII.
727 3296 1001 3367 Helvetii,
1030 3295 1288 3353 omnium
1317 3314 1509 3352 rerum
1539 3295 1734 3371 inopia
1776 3296 2030 3368 adducti,
2060 3296 2277 3373 legatos
2323 3298 2394 3355 de

331 3388 624 3446 deditione
667 3388 737 3445 ad
778 3407 911 3446 eum
953 3388 1248 3455 miserunt.
1331 3387 1460 3448 Qui
1503 3407 1681 3466 quum
1724 3407 1858 3446 eum
1900 3389 1959 3446 in
2009 3389 2213 3446 itinere
2261 3408 2397 3446 con-

329 3479 637 3552 venissent,
696 3497 871 3554 seque
929 3478 999 3537 ad
1057 3480 1234 3556 pedes
1273 3480 1671 3557 projecissent,
1728 3479 2175 3556 suppliciterque
2216 3480 2392 3539 locuti

331 3570 533 3629 flentes
558 3591 761 3647 pacem
790 3570 1087 3648 petissent,
1119 3584 1288 3647 atque
1317 3592 1418 3631 eos
1460 3573 1518 3630 in
1561 3592 1632 3630 eo
1670 3574 1820 3643 loc0,
1851 3592 1966 3646 quo
2012 3583 2135 3629 turn
2184 3584 2394 3645 essent,

330 3682 498 3720 suum
529 3663 833 3721 adventum
867 3675 1200 3738 exspectare
1234 3665 1517 3740 jussisset,
1548 3675 1876 3739 paruerunt.
1961 3663 2050 3721 Εὸ
2095 3676 2393 3739 postquam

331 3755 526 3814 Caesar
553 3755 832 3831 pervenit,
862 3755 1110 3827 obsides,
1143 3775 1319 3827 arma,
1349 3774 1562 3826 servoS,
1594 3755 1691 3830 qui
1737 3755 1806 3811 ad
1829 3773 1948 3838 ¹eos
1987 3756 2393 3832 perfugissent,
2455 3771 2460 3778 ·

331 3848 608 3922 poposcit.
693 3847 848 3904 Dum
897 3865 967 3905 ea
1011 3835 1430 3922 conquiruntur
1479 3859 1536 3905 et
1580 3846 1974 3918 conferuntur,
2004 3859 2177 3906 nocte
2225 3848 2397 3906 intera

333 3938 527 4010 missii,
571 3938 802 3996 circiter
844 3938 1140 3996 hominurn
1186 3940 1368 3998 millia
1409 3939 1495 3996 VI
1540 3939 1663 4014 ejus
1703 3939 1857 4015 pagi,
1888 3939 1982 4014 qui
2029 3939 2395 4016 Verbigenus
