2747 4376
336 322 411 379 74
801 334 812 339 ”
989 319 1085 368 DE
1133 319 1363 368 BBLLO
1411 320 1730 368 GALLICO
2061 321 2217 385 [Car.
2249 322 2399 371 6-8.

337 462 408 519 ad
452 461 738 519 Caesarem
783 461 1008 520 mittere
1046 463 1348 521 audebant.
1434 462 1503 520 Id
1546 463 1759 521 factum
1802 481 1872 520 ex
1915 464 2035 521 suis
2075 463 2399 540 hospitibus

335 553 530 612 Caesar
573 565 934 631 cognoverat.
1019 554 1125 612 Ille
1169 556 1438 612 omnibus
1477 554 1663 631 primo
1707 556 1978 631 precibus
2019 567 2217 631 petere
2257 574 2399 612 con·
2466 544 2481 553 ⁹
2574 567 2593 589 ⁸

335 645 537 717 tendit,
568 656 631 702 ut
657 647 716 703 in
757 646 948 703 Gallia
989 646 1405 721 relinqueretur
1427 667 1442 716 ;
1484 647 1712 722 partim,
1743 645 1897 721 quod
1940 648 2199 705 insuetus
2239 647 2400 704 navi-

334 737 509 813 gandi
536 755 692 795 mare
717 737 964 809 timeret,
991 738 1219 813 partim,
1249 737 1406 813 quod
1448 738 1823 814 religionibus
1863 757 1990 795 sese
2031 738 2251 796 diceret
2292 739 2399 796 im-

333 828 534 903 pediri.
616 828 996 904 Posteaquam
1040 829 1099 886 id
1142 828 1429 886 obstinate
1485 830 1597 889 sibi
1640 829 1838 906 negari
1879 830 2038 901 vidit,
2093 830 2250 887 omni
2291 848 2399 905 spe

336 919 675 995 impetrandi
719 920 1003 996 adempta,
1032 920 1323 997 principes
1362 920 1568 978 Galliae
1609 921 1941 992 sollicitare,
1970 939 2239 978 sevocare
2279 922 2399 978 sin-

334 1010 501 1087 gulos
528 1011 856 1087 hortarique
883 1013 1076 1088 coepit,
1106 1009 1188 1069 uti
1220 1012 1279 1069 in
1308 1012 1630 1070 continenti
1658 1023 2056 1082 remanerent3
2099 1024 2255 1071 metu
2283 1023 2400 1070 ter-

337 1101 527 1174 ritare,
557 1108 573 1134 ⁴
593 1121 709 1159 non
736 1102 863 1160 sine
890 1103 1066 1159 causa
1094 1102 1237 1173 fieri,
1268 1112 1331 1160 ut
1356 1102 1549 1160 Gallia
1588 1104 1745 1162 omni
1787 1103 2089 1163 nobilitate
2126 1103 2399 1179 spoliare-

336 1203 466 1251 tur:
509 1193 568 1251 id
610 1211 737 1251 esse
779 1193 1085 1251 consilium
1127 1193 1395 1266 Caesaris,
1426 1204 1508 1265 ut,
1538 1213 1682 1270 quos
1726 1193 1785 1252 in
1830 1205 2144 1270 conspectu
2186 1194 2395 1252 Galliae

337 1285 660 1344 interficere
712 1296 1022 1357 vereretur,
1076 1285 1181 1343 hos
1233 1304 1435 1344 omnes
1488 1286 1547 1342 in
1617 1285 1974 1344 Britanniam
2029 1285 2396 1343 transductos

336 1388 572 1435 necaret
595 1378 642 1435 :'
685 1377 856 1434 fidem
885 1376 1118 1452 reliquis
1157 1377 1541 1453 interponere,
1576 1376 1978 1454 jusjurandum
2016 1393 2276 1453 poscere,
2307 1389 2393 1447 ut,

337 1468 489 1542 quod
532 1487 658 1527 esse
696 1487 768 1526 ex
815 1487 921 1526 usu
963 1467 1167 1526 Galliae
1213 1469 1645 1539 intellexissent,
1675 1469 1968 1525 communi
2013 1468 2258 1525 consilio
2299 1468 2396 1524 ad-

338 1559 740 1618 ministrarent.
826 1559 973 1616 Haec
1003 1579 1036 1616 a
1063 1559 1454 1635 compluribus
1483 1559 1553 1616 ad
1583 1560 1871 1617 Caesarem
1900 1559 2319 1617 deferebantur.

418 1649 549 1709 VII.
603 1650 747 1712 Qus!¹
793 1669 854 1708 re
894 1650 1149 1728 cognita,
1193 1650 1407 1721 Caesar,
1451 1648 1607 1725 quod
1650 1661 1870 1708 tantum
1920 1650 2139 1710 civitati
2182 1650 2393 1708 AEduie

337 1741 632 1818 dignitatis
678 1742 973 1813 tribuerat,
1023 1741 1412 1799 coercendum
1464 1754 1633 1817 atque
1681 1741 2104 1813 deterrendum,
2161 1742 2394 1817 quibus-

337 1851 584 1907 cumque
611 1833 782 1890 rebus
808 1843 1017 1908 posset,
1045 1832 1465 1909 Dumnorigem
1493 1833 1797 1905 statuebat,
1828 1832 1983 1908 quod
2009 1832 2241 1910 longius
2267 1832 2394 1910 ejus

339 1925 646 1982 amentiam
671 1924 938 2002 progredi
966 1925 1214 1997 videbat,
1243 1925 1734 2001 prospiciendum,
1762 1943 1837 1983 ne
1865 1925 2004 2000 quid
2032 1925 2143 1983 sibi
2173 1942 2241 1982 ac
2282 1925 2392 1983 rei-

335 2016 583 2092 publicae
613 2035 824 2076 nocere
846 2027 1061 2093 posset.
1144 2015 1347 2091 Itaque
1391 2016 1514 2074 dies
1552 2016 1784 2074 circiter
1822 2016 2000 2074 XXV
2045 2017 2104 2077 in
2148 2035 2219 2074 eo
2260 2017 2392 2074 loco

338 2118 741 2180 commoratuS,
770 2106 924 2183 quod
954 2107 1142 2165 Corus
1183 2119 1387 2165 ventus
1425 2107 1851 2185 navigationem
1894 2107 2261 2183 impediebat,
2290 2109 2388 2183 qui

337 2219 604 2278 magnam
644 2211 864 2277 partem
906 2201 1093 2258 omnis
1135 2200 1409 2276 temporis
1456 2200 1516 2257 in
1564 2200 1654 2257 his
1700 2199 1846 2257 locis
1892 2199 2030 2257 flare
2072 2201 2386 2272 consuevit,

338 2293 510 2350 dabat
535 2311 786 2369 operam,
806 2303 870 2350 ut
896 2293 958 2350 in
981 2292 1171 2350 officio
1193 2285 1611 2368 Dumnorigem
1634 2292 1975 2363 contineret,
1992 2291 2175 2349 nihilo
2196 2302 2387 2349 tamen

336 2383 529 2442 secius
556 2384 747 2442 omnia
776 2384 899 2461 ejus
927 2384 1167 2441 consilia
1207 2393 1622 2461 cognosceret:
1663 2383 1915 2455 tandem,
1946 2383 2211 2440 idoneam
2250 2394 2391 2440 tem·
2469 2433 2482 2447 ,

335 2487 610 2552 pestatem
639 2488 862 2547 nactus,
892 2475 1103 2534 milites
1129 2475 1464 2550 equitesque
1492 2474 1882 2532 conscendere
1911 2475 1970 2531 in
1998 2493 2172 2532 naves
2208 2474 2386 2550 jubet.

338 2568 438 2639 At,
468 2568 725 2626 omniurn
756 2567 1042 2644 impeditis
1074 2566 1297 2638 animis,
1328 2565 1652 2623 Dumnorix
1679 2584 1813 2623 cum
1843 2565 2132 2641 equitibus
2173 2565 2391 2624 AEduo-

336 2678 462 2716 rum
494 2680 527 2717 a
554 2660 773 2730 castris,
804 2659 1086 2716 insciente
1113 2657 1363 2729 Caesare,
1394 2658 1625 2715 domum
1649 2657 1947 2715 discedere
1976 2657 2165 2734 coepit.
2246 2657 2390 2718 Qua

338 2768 398 2808 re
451 2750 747 2821 nunciata,
804 2750 1019 2821 Caesar,
1076 2748 1402 2806 intermissa
1467 2748 1844 2825 profectione,
1902 2759 2071 2824 atque
2124 2749 2392 2807 omnibus

336 2842 506 2899 rebus
533 2840 877 2917 postpositis,
906 2860 1173 2918 magnam
1213 2852 1435 2916 partem
1475 2841 1766 2916 equitatus
1810 2841 1879 2897 ad
1916 2859 2050 2898 eum
2091 2840 2393 2917 insequen-

336 2932 473 2989 dum
522 2933 713 3004 mittit,
763 2932 1087 3007 retrahique
1131 2932 1408 3008 imperati
1464 2932 1514 2989 si
1557 2932 1668 2989 vim
1713 2932 1905 3003 saciat,
1945 2951 2132 3007 neque
2173 2946 2390 3009 pareat,

337 3024 581 3082 interfici
604 3025 798 3101 jubet:
841 3024 981 3080 nihil
1012 3023 1187 3095 hunc,
1216 3043 1278 3081 se
1308 3025 1561 3094 absente,
1590 3043 1696 3099 pro
1732 3043 1874 3081 sano
1915 3023 2202 3081 facturum
2246 3024 2394 3081 arbi-

337 3126 535 3187 tratus,
566 3116 663 3191 qui
691 3116 984 3192 praesentis
1013 3115 1314 3190 imperium
1341 3115 1702 3192 neglexisset.
1786 3115 1893 3172 Ille
1915 3115 2069 3173 enim
2091 3127 2393 3173 revocatus

337 3207 601 3265 resistere
648 3227 715 3264 ac
771 3226 832 3264 se
875 3226 1049 3263 manu
1097 3206 1406 3264 defendere
1460 3225 1809 3283 suorumque
1862 3206 2033 3264 fidem
2089 3206 2394 3283 implorare
2448 3209 2455 3214 ’

339 3299 530 3374 coepit,
576 3317 726 3374 saepe
772 3298 1071 3356 clamitans
1117 3298 1400 3355 ‘liberum
1446 3316 1526 3368 se,
1576 3287 1887 3373 liberaeque
1931 3298 2179 3355 civitatis
2227 3301 2390 3357 esse.'

338 3389 450 3461 Illi,
480 3401 543 3447 ut
571 3401 692 3447 erat
721 3389 1080 3465 imperatum,
1112 3389 1543 3446 circumsistunt
1571 3390 1883 3461 hominem,
1916 3400 2085 3464 atque
2125 3390 2395 3448 interfici·
2490 3438 2499 3446 .

342 3493 477 3553 unt3
525 3492 579 3539 at
608 3480 785 3538 AEdui
814 3480 1033 3556 equites
1063 3481 1133 3537 ad
1170 3480 1461 3538 Caesarem
1488 3500 1688 3538 omnes
1715 3491 2093 3539 revertuntur.

417 3571 582 3630 VIII.
641 3572 752 3629 His
796 3572 967 3628 rebus
1014 3572 1208 3649 gestiS,
1240 3572 1500 3629 Labieno
1548 3572 1607 3629 in
1656 3572 1988 3630 continente
2037 3592 2170 3629 cum
2213 3572 2396 3630 tribus

339 3664 662 3741 legionibus
690 3674 746 3721 et
773 3664 1025 3738 equitum
1054 3664 1304 3720 millibus
1326 3663 1550 3721 duobus
1570 3663 1792 3734 relict0‚
1816 3674 1878 3719 ut
1898 3674 2096 3738 portus
2117 3674 2394 3735 tueretur,

341 3767 398 3814 et
425 3776 545 3814 rem
584 3754 1008 3813 frumentariam
1050 3754 1391 3830 provideret,
1421 3773 1662 3829 quaeque
1704 3754 1763 3810 in
1804 3753 1996 3811 Gallia
2038 3766 2395 3830 gererentur,

337 3858 733 3923 cognosceret,
764 3846 1180 3919 consiliumque
1205 3865 1310 3921 pro
1350 3857 1606 3920 tempore
1647 3856 1702 3902 et
1743 3864 1849 3920 pro
1887 3864 1950 3902 re
1992 3857 2243 3920 caperet,
2275 3847 2397 3923 ipse

261 3969 268 3974 ·
339 3956 473 3995 cum
504 3938 756 4013 quinque
782 3936 1106 4013 legionibus
1132 3946 1191 3992 et
1215 3936 1338 4011 pari
1366 3954 1610 3992 numero
1635 3936 1915 4009 equitum,
1945 3955 2114 4011 quem
2158 3936 2218 3993 in
2261 3956 2396 3995 con-
