<?xml version="1.0" encoding="UTF-8"?>
<!DOCTYPE html PUBLIC "-//W3C//DTD XHTML 1.0 Transitional//EN"
    "http://www.w3.org/TR/xhtml1/DTD/xhtml1-transitional.dtd">
<html xmlns="http://www.w3.org/1999/xhtml" xml:lang="en" lang="en">
 <head>
  <title>
</title>
<meta http-equiv="Content-Type" content="text/html;charset=utf-8" />
  <meta name='ocr-system' content='tesseract 3.04.00' />
  <meta name='ocr-capabilities' content='ocr_page ocr_carea ocr_par ocr_line ocrx_word'/>
</head>
<body>
  <div class='ocr_page' id='page_1' title='image "./andrewscaesar00andrgoog_0111.png"; bbox 0 0 2747 4376; ppageno 0'>
   <div class='ocr_carea' id='block_1_1' title="bbox 290 229 2382 341">
    <p class='ocr_par' dir='ltr' id='par_1_1' title="bbox 290 229 2382 341">
     <span class='ocr_line' id='line_1_1' title="bbox 290 229 2382 341; baseline -0.002 -15"><span class='ocrx_word' id='word_1_1' title='bbox 290 229 461 327; x_wconf 48' lang='lat' dir='ltr'><strong>’cm</strong></span> <span class='ocrx_word' id='word_1_2' title='bbox 492 276 726 341; x_wconf 60' lang='lat' dir='ltr'><strong>ae-ssq</strong></span> <span class='ocrx_word' id='word_1_3' title='bbox 1048 274 1264 328; x_wconf 71' lang='lat' dir='ltr'><strong>unm</strong></span> <span class='ocrx_word' id='word_1_4' title='bbox 1305 275 1676 330; x_wconf 68' lang='lat' dir='ltr'><strong>sar-rums.</strong></span> <span class='ocrx_word' id='word_1_5' title='bbox 2275 278 2382 339; x_wconf 70' lang='lat' dir='ltr'><strong>lm</strong></span> 
     </span>
    </p>
   </div>
   <div class='ocr_carea' id='block_1_2' title="bbox 247 409 2427 3977">
    <p class='ocr_par' dir='ltr' id='par_1_2' title="bbox 318 409 2386 864">
     <span class='ocr_line' id='line_1_2' title="bbox 318 409 2385 497; baseline -0.001 -17"><span class='ocrx_word' id='word_1_6' title='bbox 318 417 501 480; x_wconf 78' lang='lat' dir='ltr'><strong>frater</strong></span> <span class='ocrx_word' id='word_1_7' title='bbox 529 419 866 480; x_wconf 76' lang='lat' dir='ltr'><strong>Valetiacus</strong></span> <span class='ocrx_word' id='word_1_8' title='bbox 890 418 1153 496; x_wconf 78' lang='lat' dir='ltr'><strong>proximo</strong></span> <span class='ocrx_word' id='word_1_9' title='bbox 1173 409 1344 479; x_wconf 61' lang='lat' dir='ltr'><strong>‘anno</strong></span> <span class='ocrx_word' id='word_1_10' title='bbox 1383 419 1632 478; x_wconf 86' lang='lat' dir='ltr'><strong>eundem</strong></span> <span class='ocrx_word' id='word_1_11' title='bbox 1672 418 2066 497; x_wconf 87' lang='lat' dir='ltr'><strong>magistratum</strong></span> <span class='ocrx_word' id='word_1_12' title='bbox 2106 419 2385 497; x_wconf 83' lang='lat' dir='ltr'><strong>gesserit:</strong></span> 
     </span>
     <span class='ocr_line' id='line_1_3' title="bbox 320 510 2385 589; baseline 0 -20"><span class='ocrx_word' id='word_1_13' title='bbox 320 510 623 570; x_wconf 77' lang='lat' dir='ltr'><strong>civitatem</strong></span> <span class='ocrx_word' id='word_1_14' title='bbox 649 530 882 571; x_wconf 88' lang='lat' dir='ltr'><strong>omnem</strong></span> <span class='ocrx_word' id='word_1_15' title='bbox 906 530 1033 570; x_wconf 87' lang='lat' dir='ltr'><strong>esse</strong></span> <span class='ocrx_word' id='word_1_16' title='bbox 1060 512 1121 570; x_wconf 89' lang='lat' dir='ltr'><strong>in</strong></span> <span class='ocrx_word' id='word_1_17' title='bbox 1151 513 1341 583; x_wconf 91' lang='lat' dir='ltr'><strong>armis,</strong></span> <span class='ocrx_word' id='word_1_18' title='bbox 1370 512 1616 570; x_wconf 85' lang='lat' dir='ltr'><strong>divisum</strong></span> <span class='ocrx_word' id='word_1_19' title='bbox 1643 512 1942 582; x_wconf 80' lang='lat' dir='ltr'><strong>Senatum,</strong></span> <span class='ocrx_word' id='word_1_20' title='bbox 1969 510 2212 570; x_wconf 81' lang='lat' dir='ltr'><strong>divisum</strong></span> <span class='ocrx_word' id='word_1_21' title='bbox 2250 530 2385 589; x_wconf 88' lang='lat' dir='ltr'><strong>pop-</strong></span> 
     </span>
     <span class='ocr_line' id='line_1_4' title="bbox 322 601 2385 680; baseline 0.001 -20"><span class='ocrx_word' id='word_1_22' title='bbox 322 603 515 676; x_wconf 87' lang='lat' dir='ltr'><strong>ulum,</strong></span> <span class='ocrx_word' id='word_1_23' title='bbox 543 622 677 661; x_wconf 90' lang='lat' dir='ltr'><strong>suas</strong></span> <span class='ocrx_word' id='word_1_24' title='bbox 703 603 988 680; x_wconf 89' lang='lat' dir='ltr'><strong>cujusque</strong></span> <span class='ocrx_word' id='word_1_25' title='bbox 1010 622 1211 662; x_wconf 89' lang='lat' dir='ltr'><strong>eorum</strong></span> <span class='ocrx_word' id='word_1_26' title='bbox 1238 603 1553 662; x_wconf 75' lang='lat' dir='ltr'>clientelas.</span> <span class='ocrx_word' id='word_1_27' title='bbox 1631 601 1817 665; x_wconf 68' lang='lat' dir='ltr'><strong>Quod</strong></span> <span class='ocrx_word' id='word_1_28' title='bbox 1855 602 1905 660; x_wconf 88' lang='lat' dir='ltr'><strong>si</strong></span> <span class='ocrx_word' id='word_1_29' title='bbox 1946 602 2163 662; x_wconf 86' lang='lat' dir='ltr'><strong>diutius</strong></span> <span class='ocrx_word' id='word_1_30' title='bbox 2201 603 2385 663; x_wconf 86' lang='lat' dir='ltr'><strong>alatur</strong></span> 
     </span>
     <span class='ocr_line' id='line_1_5' title="bbox 326 693 2386 773; baseline -0 -17"><span class='ocrx_word' id='word_1_31' title='bbox 326 695 740 766; x_wconf 78' lang='lat' dir='ltr'><strong>controversia,</strong></span> <span class='ocrx_word' id='word_1_32' title='bbox 769 695 911 767; x_wconf 88' lang='lat' dir='ltr'><strong>fore,</strong></span> <span class='ocrx_word' id='word_1_33' title='bbox 939 693 1024 754; x_wconf 80' lang='lat' dir='ltr'><strong>uti</strong></span> <span class='ocrx_word' id='word_1_34' title='bbox 1051 714 1183 773; x_wconf 89' lang='lat' dir='ltr'><strong>pars</strong></span> <span class='ocrx_word' id='word_1_35' title='bbox 1210 713 1345 753; x_wconf 88' lang='lat' dir='ltr'><strong>cum</strong></span> <span class='ocrx_word' id='word_1_36' title='bbox 1369 705 1533 771; x_wconf 88' lang='lat' dir='ltr'><strong>parte</strong></span> <span class='ocrx_word' id='word_1_37' title='bbox 1572 693 1820 755; x_wconf 81' lang='lat' dir='ltr'><strong>civitatis</strong></span> <span class='ocrx_word' id='word_1_38' title='bbox 1858 694 2167 773; x_wconf 87' lang='lat' dir='ltr'><strong>confligat:</strong></span> <span class='ocrx_word' id='word_1_39' title='bbox 2210 694 2270 754; x_wconf 84' lang='lat' dir='ltr'><strong>id</strong></span> <span class='ocrx_word' id='word_1_40' title='bbox 2308 713 2386 755; x_wconf 83' lang='lat' dir='ltr'><strong>ne</strong></span> 
     </span>
     <span class='ocr_line' id='line_1_6' title="bbox 330 786 2024 864; baseline 0.001 -21"><span class='ocrx_word' id='word_1_41' title='bbox 330 786 581 858; x_wconf 86' lang='lat' dir='ltr'><strong>accidat,</strong></span> <span class='ocrx_word' id='word_1_42' title='bbox 608 787 855 862; x_wconf 87' lang='lat' dir='ltr'><strong>positum</strong></span> <span class='ocrx_word' id='word_1_43' title='bbox 883 786 943 844; x_wconf 92' lang='lat' dir='ltr'><strong>in</strong></span> <span class='ocrx_word' id='word_1_44' title='bbox 971 787 1095 863; x_wconf 88' lang='lat' dir='ltr'><strong>ejus</strong></span> <span class='ocrx_word' id='word_1_45' title='bbox 1122 786 1421 864; x_wconf 65' lang='lat' dir='ltr'><strong>diligentia</strong></span> <span class='ocrx_word' id='word_1_46' title='bbox 1453 796 1622 862; x_wconf 87' lang='lat' dir='ltr'><strong>atque</strong></span> <span class='ocrx_word' id='word_1_47' title='bbox 1651 786 2024 846; x_wconf 63' lang='lat' dir='ltr'><strong>auctoritate!</strong></span> 
     </span>
    </p>

    <p class='ocr_par' dir='ltr' id='par_1_3' title="bbox 408 877 2385 953">
     <span class='ocr_line' id='line_1_7' title="bbox 408 877 2385 953; baseline 0.001 -18"><span class='ocrx_word' id='word_1_48' title='bbox 408 877 709 936; x_wconf 91' lang='lat' dir='ltr'>XXXIII.</span> <span class='ocrx_word' id='word_1_49' title='bbox 764 877 962 936; x_wconf 83' lang='lat' dir='ltr'><strong>Caesar</strong></span> <span class='ocrx_word' id='word_1_50' title='bbox 1007 878 1115 937; x_wconf 90' lang='lat' dir='ltr'><strong>etsi</strong></span> <span class='ocrx_word' id='word_1_51' title='bbox 1160 897 1196 936; x_wconf 90' lang='lat' dir='ltr'><strong>a</strong></span> <span class='ocrx_word' id='word_1_52' title='bbox 1242 878 1395 936; x_wconf 92' lang='lat' dir='ltr'><strong>bello</strong></span> <span class='ocrx_word' id='word_1_53' title='bbox 1441 887 1614 953; x_wconf 83' lang='lat' dir='ltr'><strong>atque</strong></span> <span class='ocrx_word' id='word_1_54' title='bbox 1660 878 1822 936; x_wconf 90' lang='lat' dir='ltr'><strong>hoste</strong></span> <span class='ocrx_word' id='word_1_55' title='bbox 1872 877 2169 937; x_wconf 73' lang='lat' dir='ltr'><strong>discedere</strong></span> <span class='ocrx_word' id='word_1_56' title='bbox 2213 877 2385 938; x_wconf 86' lang='lat' dir='ltr'><strong>detri-</strong></span> 
     </span>
    </p>

    <p class='ocr_par' dir='ltr' id='par_1_4' title="bbox 247 969 2427 3704">
     <span class='ocr_line' id='line_1_8' title="bbox 328 969 2385 1047; baseline 0.001 -21"><span class='ocrx_word' id='word_1_57' title='bbox 328 978 655 1027; x_wconf 89' lang='lat' dir='ltr'><strong>mentosum</strong></span> <span class='ocrx_word' id='word_1_58' title='bbox 698 987 825 1028; x_wconf 92' lang='lat' dir='ltr'><strong>esse</strong></span> <span class='ocrx_word' id='word_1_59' title='bbox 866 970 1247 1041; x_wconf 83' lang='lat' dir='ltr'><strong>existimabat,</strong></span> <span class='ocrx_word' id='word_1_60' title='bbox 1290 980 1505 1041; x_wconf 88' lang='lat' dir='ltr'><strong>tamen,</strong></span> <span class='ocrx_word' id='word_1_61' title='bbox 1548 988 1666 1028; x_wconf 90' lang='lat' dir='ltr'><strong>non</strong></span> <span class='ocrx_word' id='word_1_62' title='bbox 1715 969 2004 1047; x_wconf 88' lang='lat' dir='ltr'><strong>ignorans,</strong></span> <span class='ocrx_word' id='word_1_63' title='bbox 2047 981 2261 1045; x_wconf 83' lang='lat' dir='ltr'><strong>quanta</strong></span> <span class='ocrx_word' id='word_1_64' title='bbox 2310 987 2385 1029; x_wconf 77' lang='lat' dir='ltr'><strong>ex</strong></span> 
     </span>
     <span class='ocr_line' id='line_1_9' title="bbox 330 1059 2385 1132; baseline 0.002 -15"><span class='ocrx_word' id='word_1_65' title='bbox 330 1059 787 1119; x_wconf 82' lang='lat' dir='ltr'><strong>dissensionibus</strong></span> <span class='ocrx_word' id='word_1_66' title='bbox 832 1060 1197 1119; x_wconf 87' lang='lat' dir='ltr'><strong>incommoda</strong></span> <span class='ocrx_word' id='word_1_67' title='bbox 1236 1060 1376 1119; x_wconf 89' lang='lat' dir='ltr'><strong>oriri</strong></span> <span class='ocrx_word' id='word_1_68' title='bbox 1422 1059 1819 1132; x_wconf 67' lang='lat' dir='ltr'><strong>consuessent,</strong></span> <span class='ocrx_word' id='word_1_69' title='bbox 1844 1078 1921 1119; x_wconf 92' lang='lat' dir='ltr'><strong>ne</strong></span> <span class='ocrx_word' id='word_1_70' title='bbox 1965 1072 2124 1119; x_wconf 90' lang='lat' dir='ltr'><strong>tanta</strong></span> <span class='ocrx_word' id='word_1_71' title='bbox 2167 1072 2225 1120; x_wconf 88' lang='lat' dir='ltr'><strong>et</strong></span> <span class='ocrx_word' id='word_1_72' title='bbox 2263 1071 2385 1121; x_wconf 86' lang='lat' dir='ltr'><strong>tam</strong></span> 
     </span>
     <span class='ocr_line' id='line_1_10' title="bbox 330 1151 2385 1229; baseline 0.001 -19"><span class='ocrx_word' id='word_1_73' title='bbox 330 1151 646 1229; x_wconf 87' lang='lat' dir='ltr'><strong>conjuncta</strong></span> <span class='ocrx_word' id='word_1_74' title='bbox 680 1152 894 1228; x_wconf 88' lang='lat' dir='ltr'><strong>populo</strong></span> <span class='ocrx_word' id='word_1_75' title='bbox 934 1152 1205 1210; x_wconf 87' lang='lat' dir='ltr'><strong>Romano</strong></span> <span class='ocrx_word' id='word_1_76' title='bbox 1243 1152 1466 1224; x_wconf 85' lang='lat' dir='ltr'><strong>civitas,</strong></span> <span class='ocrx_word' id='word_1_77' title='bbox 1494 1171 1666 1229; x_wconf 88' lang='lat' dir='ltr'><strong>quam</strong></span> <span class='ocrx_word' id='word_1_78' title='bbox 1690 1151 1829 1229; x_wconf 84' lang='lat' dir='ltr'><strong>&#39;ipse</strong></span> <span class='ocrx_word' id='word_1_79' title='bbox 1867 1170 2090 1229; x_wconf 82' lang='lat' dir='ltr'><strong>semper</strong></span> <span class='ocrx_word' id='word_1_80' title='bbox 2130 1152 2385 1226; x_wconf 76' lang='lat' dir='ltr'><strong>aluisset,</strong></span> 
     </span>
     <span class='ocr_line' id='line_1_11' title="bbox 329 1243 2381 1320; baseline 0.001 -21"><span class='ocrx_word' id='word_1_81' title='bbox 329 1243 716 1320; x_wconf 84' lang='lat' dir='ltr'><strong>omnibusque</strong></span> <span class='ocrx_word' id='word_1_82' title='bbox 745 1244 916 1302; x_wconf 90' lang='lat' dir='ltr'><strong>rebus</strong></span> <span class='ocrx_word' id='word_1_83' title='bbox 940 1243 1220 1315; x_wconf 58' lang='lat' dir='ltr'><strong>ornasset,</strong></span> <span class='ocrx_word' id='word_1_84' title='bbox 1251 1244 1323 1301; x_wconf 90' lang='lat' dir='ltr'><strong>ad</strong></span> <span class='ocrx_word' id='word_1_85' title='bbox 1349 1243 1465 1302; x_wconf 90' lang='lat' dir='ltr'><strong>vim</strong></span> <span class='ocrx_word' id='word_1_86' title='bbox 1493 1253 1664 1319; x_wconf 88' lang='lat' dir='ltr'><strong>atque</strong></span> <span class='ocrx_word' id='word_1_87' title='bbox 1692 1244 1763 1302; x_wconf 91' lang='lat' dir='ltr'><strong>ad</strong></span> <span class='ocrx_word' id='word_1_88' title='bbox 1792 1263 1947 1302; x_wconf 89' lang='lat' dir='ltr'><strong>arma</strong></span> <span class='ocrx_word' id='word_1_89' title='bbox 1986 1244 2381 1317; x_wconf 80' lang='lat' dir='ltr'><strong>descenderet,</strong></span> 
     </span>
     <span class='ocr_line' id='line_1_12' title="bbox 330 1334 2387 1413; baseline 0 -21"><span class='ocrx_word' id='word_1_90' title='bbox 330 1345 508 1410; x_wconf 83' lang='lat' dir='ltr'><strong>atque</strong></span> <span class='ocrx_word' id='word_1_91' title='bbox 535 1354 780 1412; x_wconf 83' lang='lat' dir='ltr'><strong>eapars,</strong></span> <span class='ocrx_word' id='word_1_92' title='bbox 808 1354 935 1410; x_wconf 83' lang='lat' dir='ltr'><strong>quae</strong></span> <span class='ocrx_word' id='word_1_93' title='bbox 975 1334 1169 1413; x_wconf 75' lang='lat' dir='ltr'><strong>minus</strong></span> <span class='ocrx_word' id='word_1_94' title='bbox 1213 1335 1326 1393; x_wconf 89' lang='lat' dir='ltr'><strong>sibi</strong></span> <span class='ocrx_word' id='word_1_95' title='bbox 1366 1335 1700 1407; x_wconf 87' lang='lat' dir='ltr'><strong>confideret,</strong></span> <span class='ocrx_word' id='word_1_96' title='bbox 1730 1335 1943 1394; x_wconf 84' lang='lat' dir='ltr'><strong>auxilia</strong></span> <span class='ocrx_word' id='word_1_97' title='bbox 1988 1354 2023 1394; x_wconf 90' lang='lat' dir='ltr'><strong>a</strong></span> <span class='ocrx_word' id='word_1_98' title='bbox 2068 1335 2387 1413; x_wconf 83' lang='lat' dir='ltr'><strong>Vercinge-</strong></span> 
     </span>
     <span class='ocr_line' id='line_1_13' title="bbox 329 1426 2383 1504; baseline -0.001 -16"><span class='ocrx_word' id='word_1_99' title='bbox 329 1426 520 1504; x_wconf 78' lang='lat' dir='ltr'><strong>torige</strong></span> <span class='ocrx_word' id='word_1_100' title='bbox 561 1438 891 1498; x_wconf 81' lang='lat' dir='ltr'><strong>arcesseret,</strong></span> <span class='ocrx_word' id='word_1_101' title='bbox 920 1427 1058 1488; x_wconf 86' lang='lat' dir='ltr'><strong>huic</strong></span> <span class='ocrx_word' id='word_1_102' title='bbox 1098 1427 1184 1485; x_wconf 89' lang='lat' dir='ltr'><strong>rei</strong></span> <span class='ocrx_word' id='word_1_103' title='bbox 1220 1427 1676 1504; x_wconf 72' lang='lat' dir='ltr'><strong>praevertendum</strong></span> <span class='ocrx_word' id='word_1_104' title='bbox 1715 1426 2089 1486; x_wconf 82' lang='lat' dir='ltr'><strong>existimavit:</strong></span> <span class='ocrx_word' id='word_1_105' title='bbox 2132 1438 2189 1486; x_wconf 89' lang='lat' dir='ltr'><strong>et</strong></span> <span class='ocrx_word' id='word_1_106' title='bbox 2228 1426 2383 1502; x_wconf 76' lang='lat' dir='ltr'><strong>quod</strong></span> 
     </span>
     <span class='ocr_line' id='line_1_14' title="bbox 331 1518 2383 1596; baseline 0.001 -20"><span class='ocrx_word' id='word_1_107' title='bbox 331 1518 561 1596; x_wconf 89' lang='lat' dir='ltr'><strong>legibus</strong></span> <span class='ocrx_word' id='word_1_108' title='bbox 608 1519 932 1577; x_wconf 87' lang='lat' dir='ltr'><strong>AEduorum</strong></span> <span class='ocrx_word' id='word_1_109' title='bbox 978 1518 1069 1591; x_wconf 91' lang='lat' dir='ltr'><strong>iis,</strong></span> <span class='ocrx_word' id='word_1_110' title='bbox 1118 1518 1217 1594; x_wconf 94' lang='lat' dir='ltr'><strong>qui</strong></span> <span class='ocrx_word' id='word_1_111' title='bbox 1263 1538 1550 1577; x_wconf 88' lang='lat' dir='ltr'><strong>summum</strong></span> <span class='ocrx_word' id='word_1_112' title='bbox 1598 1519 1991 1596; x_wconf 82' lang='lat' dir='ltr'><strong>magistratum</strong></span> <span class='ocrx_word' id='word_1_113' title='bbox 2037 1519 2383 1591; x_wconf 79' lang='lat' dir='ltr'><strong>obtinerent,</strong></span> 
     </span>
     <span class='ocr_line' id='line_1_15' title="bbox 332 1610 2387 1689; baseline 0.001 -21"><span class='ocrx_word' id='word_1_114' title='bbox 332 1610 616 1669; x_wconf 78' lang='lat' dir='ltr'><strong>excedere</strong></span> <span class='ocrx_word' id='word_1_115' title='bbox 643 1629 713 1668; x_wconf 88' lang='lat' dir='ltr'><strong>ex</strong></span> <span class='ocrx_word' id='word_1_116' title='bbox 740 1610 949 1669; x_wconf 86' lang='lat' dir='ltr'><strong>finibus</strong></span> <span class='ocrx_word' id='word_1_117' title='bbox 975 1630 1091 1669; x_wconf 90' lang='lat' dir='ltr'><strong>non</strong></span> <span class='ocrx_word' id='word_1_118' title='bbox 1117 1610 1336 1682; x_wconf 89' lang='lat' dir='ltr'><strong>liceret,</strong></span> <span class='ocrx_word' id='word_1_119' title='bbox 1364 1629 1441 1669; x_wconf 93' lang='lat' dir='ltr'><strong>ne</strong></span> <span class='ocrx_word' id='word_1_120' title='bbox 1469 1610 1606 1686; x_wconf 90' lang='lat' dir='ltr'><strong>quid</strong></span> <span class='ocrx_word' id='word_1_121' title='bbox 1633 1611 1707 1669; x_wconf 91' lang='lat' dir='ltr'><strong>de</strong></span> <span class='ocrx_word' id='word_1_122' title='bbox 1739 1610 1869 1687; x_wconf 88' lang='lat' dir='ltr'><strong>jure</strong></span> <span class='ocrx_word' id='word_1_123' title='bbox 1911 1621 2008 1670; x_wconf 89' lang='lat' dir='ltr'><strong>aut</strong></span> <span class='ocrx_word' id='word_1_124' title='bbox 2047 1611 2121 1670; x_wconf 88' lang='lat' dir='ltr'><strong>de</strong></span> <span class='ocrx_word' id='word_1_125' title='bbox 2159 1611 2387 1689; x_wconf 86' lang='lat' dir='ltr'><strong>legibus</strong></span> 
     </span>
     <span class='ocr_line' id='line_1_16' title="bbox 335 1701 2383 1779; baseline 0.001 -20"><span class='ocrx_word' id='word_1_126' title='bbox 335 1720 536 1759; x_wconf 89' lang='lat' dir='ltr'><strong>eorum</strong></span> <span class='ocrx_word' id='word_1_127' title='bbox 577 1701 927 1760; x_wconf 90' lang='lat' dir='ltr'><strong>deminuisse</strong></span> <span class='ocrx_word' id='word_1_128' title='bbox 965 1702 1273 1774; x_wconf 84' lang='lat' dir='ltr'><strong>videretur,</strong></span> <span class='ocrx_word' id='word_1_129' title='bbox 1303 1702 1425 1779; x_wconf 88' lang='lat' dir='ltr'><strong>ipse</strong></span> <span class='ocrx_word' id='word_1_130' title='bbox 1467 1703 1528 1760; x_wconf 93' lang='lat' dir='ltr'><strong>in</strong></span> <span class='ocrx_word' id='word_1_131' title='bbox 1571 1702 1795 1761; x_wconf 87' lang='lat' dir='ltr'><strong>AEduos</strong></span> <span class='ocrx_word' id='word_1_132' title='bbox 1833 1701 2123 1779; x_wconf 74' lang='lat' dir='ltr'><strong>proficisci</strong></span> <span class='ocrx_word' id='word_1_133' title='bbox 2164 1703 2383 1776; x_wconf 81' lang='lat' dir='ltr'><strong>statuit,</strong></span> 
     </span>
     <span class='ocr_line' id='line_1_17' title="bbox 334 1785 2385 1870; baseline 0.001 -19"><span class='ocrx_word' id='word_1_134' title='bbox 334 1804 714 1869; x_wconf 90' lang='lat' dir='ltr'><strong>senatumque</strong></span> <span class='ocrx_word' id='word_1_135' title='bbox 760 1812 1012 1866; x_wconf 87' lang='lat' dir='ltr'><strong>omnem,</strong></span> <span class='ocrx_word' id='word_1_136' title='bbox 1063 1804 1123 1852; x_wconf 91' lang='lat' dir='ltr'><strong>et</strong></span> <span class='ocrx_word' id='word_1_137' title='bbox 1169 1813 1311 1870; x_wconf 90' lang='lat' dir='ltr'><strong>quos</strong></span> <span class='ocrx_word' id='word_1_138' title='bbox 1359 1794 1509 1852; x_wconf 74' lang='lat' dir='ltr'><strong>inter</strong></span> <span class='ocrx_word' id='word_1_139' title='bbox 1555 1785 1941 1853; x_wconf 84' lang='lat' dir='ltr'><strong>controversia</strong></span> <span class='ocrx_word' id='word_1_140' title='bbox 1984 1805 2155 1867; x_wconf 86' lang='lat' dir='ltr'><strong>esset,</strong></span> <span class='ocrx_word' id='word_1_141' title='bbox 2208 1794 2280 1853; x_wconf 82' lang='lat' dir='ltr'><strong>ad</strong></span> <span class='ocrx_word' id='word_1_142' title='bbox 2319 1812 2385 1854; x_wconf 85' lang='lat' dir='ltr'><strong>se</strong></span> 
     </span>
     <span class='ocr_line' id='line_1_18' title="bbox 333 1884 2383 1963; baseline 0.001 -19"><span class='ocrx_word' id='word_1_143' title='bbox 333 1884 637 1944; x_wconf 87' lang='lat' dir='ltr'><strong>Decetiam</strong></span> <span class='ocrx_word' id='word_1_144' title='bbox 666 1885 940 1944; x_wconf 84' lang='lat' dir='ltr'><strong>evocavit.</strong></span> <span class='ocrx_word' id='word_1_145' title='bbox 1019 1885 1226 1948; x_wconf 80' lang='lat' dir='ltr'><strong>Quum</strong></span> <span class='ocrx_word' id='word_1_146' title='bbox 1251 1904 1428 1963; x_wconf 88' lang='lat' dir='ltr'><strong>prope</strong></span> <span class='ocrx_word' id='word_1_147' title='bbox 1454 1885 1641 1944; x_wconf 91' lang='lat' dir='ltr'><strong>omnis</strong></span> <span class='ocrx_word' id='word_1_148' title='bbox 1668 1885 1868 1945; x_wconf 73' lang='lat' dir='ltr'><strong>civitas</strong></span> <span class='ocrx_word' id='word_1_149' title='bbox 1893 1885 1965 1945; x_wconf 73' lang='lat' dir='ltr'><strong>eo</strong></span> <span class='ocrx_word' id='word_1_150' title='bbox 2001 1887 2383 1960; x_wconf 81' lang='lat' dir='ltr'><strong>convenisset,</strong></span> 
     </span>
     <span class='ocr_line' id='line_1_19' title="bbox 336 1976 2383 2055; baseline 0.001 -21"><span class='ocrx_word' id='word_1_151' title='bbox 336 1977 773 2053; x_wconf 85' lang='lat' dir='ltr'><strong>docereturque,</strong></span> <span class='ocrx_word' id='word_1_152' title='bbox 818 1976 1021 2053; x_wconf 87' lang='lat' dir='ltr'><strong>paucis</strong></span> <span class='ocrx_word' id='word_1_153' title='bbox 1075 1976 1226 2035; x_wconf 72' lang='lat' dir='ltr'><strong>clam</strong></span> <span class='ocrx_word' id='word_1_154' title='bbox 1280 1977 1516 2050; x_wconf 88' lang='lat' dir='ltr'><strong>vocatis,</strong></span> <span class='ocrx_word' id='word_1_155' title='bbox 1574 1978 1686 2036; x_wconf 89' lang='lat' dir='ltr'><strong>alio</strong></span> <span class='ocrx_word' id='word_1_156' title='bbox 1737 1979 1888 2049; x_wconf 91' lang='lat' dir='ltr'><strong>loco,</strong></span> <span class='ocrx_word' id='word_1_157' title='bbox 1944 1978 2057 2039; x_wconf 80' lang='lat' dir='ltr'><strong>alio</strong></span> <span class='ocrx_word' id='word_1_158' title='bbox 2107 1989 2383 2055; x_wconf 85' lang='lat' dir='ltr'><strong>tempore,</strong></span> 
     </span>
     <span class='ocr_line' id='line_1_20' title="bbox 337 2069 2387 2152; baseline 0.001 -25"><span class='ocrx_word' id='word_1_159' title='bbox 337 2079 509 2145; x_wconf 84' lang='lat' dir='ltr'><strong>atque</strong></span> <span class='ocrx_word' id='word_1_160' title='bbox 535 2069 867 2146; x_wconf 88' lang='lat' dir='ltr'><strong>oportuerit,</strong></span> <span class='ocrx_word' id='word_1_161' title='bbox 895 2069 1126 2126; x_wconf 87' lang='lat' dir='ltr'><strong>fratrem</strong></span> <span class='ocrx_word' id='word_1_162' title='bbox 1157 2088 1191 2126; x_wconf 90' lang='lat' dir='ltr'><strong>a</strong></span> <span class='ocrx_word' id='word_1_163' title='bbox 1217 2069 1390 2128; x_wconf 82' lang='lat' dir='ltr'><strong>fratre</strong></span> <span class='ocrx_word' id='word_1_164' title='bbox 1416 2070 1838 2152; x_wconf 83' lang='lat' dir='ltr'><strong>renunciatum,</strong></span> <span class='ocrx_word' id='word_1_165' title='bbox 1866 2089 2044 2146; x_wconf 90' lang='lat' dir='ltr'><strong>quum</strong></span> <span class='ocrx_word' id='word_1_166' title='bbox 2070 2071 2230 2148; x_wconf 89' lang='lat' dir='ltr'><strong>leges</strong></span> <span class='ocrx_word' id='word_1_167' title='bbox 2268 2070 2387 2129; x_wconf 90' lang='lat' dir='ltr'><strong>duo</strong></span> 
     </span>
     <span class='ocr_line' id='line_1_21' title="bbox 337 2159 2385 2240; baseline 0.001 -21"><span class='ocrx_word' id='word_1_168' title='bbox 337 2180 409 2220; x_wconf 82' lang='lat' dir='ltr'><strong>ex</strong></span> <span class='ocrx_word' id='word_1_169' title='bbox 452 2161 568 2220; x_wconf 69' lang='lat' dir='ltr'><strong>unii</strong></span> <span class='ocrx_word' id='word_1_170' title='bbox 619 2160 853 2233; x_wconf 58' lang='lat' dir='ltr'><strong>familia,</strong></span> <span class='ocrx_word' id='word_1_171' title='bbox 908 2160 1038 2219; x_wconf 90' lang='lat' dir='ltr'><strong>vivo</strong></span> <span class='ocrx_word' id='word_1_172' title='bbox 1079 2172 1339 2238; x_wconf 90' lang='lat' dir='ltr'><strong>utroque,</strong></span> <span class='ocrx_word' id='word_1_173' title='bbox 1388 2181 1506 2221; x_wconf 89' lang='lat' dir='ltr'><strong>non</strong></span> <span class='ocrx_word' id='word_1_174' title='bbox 1552 2159 1739 2221; x_wconf 69' lang='lat' dir='ltr'><strong>solum</strong></span> <span class='ocrx_word' id='word_1_175' title='bbox 1785 2162 2151 2240; x_wconf 80' lang='lat' dir='ltr'><strong>magistratus</strong></span> <span class='ocrx_word' id='word_1_176' title='bbox 2197 2161 2385 2223; x_wconf 89' lang='lat' dir='ltr'><strong>creari</strong></span> 
     </span>
     <span class='ocr_line' id='line_1_22' title="bbox 337 2253 2385 2331; baseline 0 -20"><span class='ocrx_word' id='word_1_177' title='bbox 337 2263 614 2323; x_wconf 90' lang='lat' dir='ltr'><strong>vetarent,</strong></span> <span class='ocrx_word' id='word_1_178' title='bbox 643 2253 744 2311; x_wconf 91' lang='lat' dir='ltr'><strong>sed</strong></span> <span class='ocrx_word' id='word_1_179' title='bbox 771 2253 944 2311; x_wconf 88' lang='lat' dir='ltr'><strong>etiam</strong></span> <span class='ocrx_word' id='word_1_180' title='bbox 987 2253 1048 2311; x_wconf 89' lang='lat' dir='ltr'><strong>in</strong></span> <span class='ocrx_word' id='word_1_181' title='bbox 1094 2266 1295 2312; x_wconf 89' lang='lat' dir='ltr'><strong>senatu</strong></span> <span class='ocrx_word' id='word_1_182' title='bbox 1340 2273 1468 2313; x_wconf 88' lang='lat' dir='ltr'><strong>esse</strong></span> <span class='ocrx_word' id='word_1_183' title='bbox 1506 2254 1912 2331; x_wconf 87' lang='lat' dir='ltr'><strong>prohiberent;</strong></span> <span class='ocrx_word' id='word_1_184' title='bbox 1953 2253 2167 2312; x_wconf 90' lang='lat' dir='ltr'><strong>Cotum</strong></span> <span class='ocrx_word' id='word_1_185' title='bbox 2211 2254 2385 2329; x_wconf 90' lang='lat' dir='ltr'><strong>impe-</strong></span> 
     </span>
     <span class='ocr_line' id='line_1_23' title="bbox 336 2345 2388 2422; baseline 0 -20"><span class='ocrx_word' id='word_1_186' title='bbox 336 2346 487 2404; x_wconf 90' lang='lat' dir='ltr'><strong>rium</strong></span> <span class='ocrx_word' id='word_1_187' title='bbox 549 2345 835 2421; x_wconf 89' lang='lat' dir='ltr'><strong>deponere</strong></span> <span class='ocrx_word' id='word_1_188' title='bbox 890 2346 1117 2422; x_wconf 61' lang='lat' dir='ltr'><strong>coiigit3</strong></span> <span class='ocrx_word' id='word_1_189' title='bbox 1179 2345 1726 2417; x_wconf 83' lang='lat' dir='ltr'><strong>Convictolitanem,</strong></span> <span class='ocrx_word' id='word_1_190' title='bbox 1765 2345 1864 2420; x_wconf 91' lang='lat' dir='ltr'><strong>qui</strong></span> <span class='ocrx_word' id='word_1_191' title='bbox 1918 2363 2020 2421; x_wconf 91' lang='lat' dir='ltr'><strong>per</strong></span> <span class='ocrx_word' id='word_1_192' title='bbox 2059 2345 2388 2403; x_wconf 88' lang='lat' dir='ltr'><strong>sacerdotes</strong></span> 
     </span>
     <span class='ocr_line' id='line_1_24' title="bbox 337 2436 2389 2515; baseline -0.001 -19"><span class='ocrx_word' id='word_1_193' title='bbox 337 2456 497 2496; x_wconf 90' lang='lat' dir='ltr'><strong>more</strong></span> <span class='ocrx_word' id='word_1_194' title='bbox 543 2437 807 2509; x_wconf 87' lang='lat' dir='ltr'><strong>civitatis,</strong></span> <span class='ocrx_word' id='word_1_195' title='bbox 837 2436 1173 2499; x_wconf 89' lang='lat' dir='ltr'><strong>intermissis</strong></span> <span class='ocrx_word' id='word_1_196' title='bbox 1219 2437 1667 2515; x_wconf 87' lang='lat' dir='ltr'><strong>magistratibus,</strong></span> <span class='ocrx_word' id='word_1_197' title='bbox 1713 2445 1865 2511; x_wconf 84' lang='lat' dir='ltr'><strong>esset</strong></span> <span class='ocrx_word' id='word_1_198' title='bbox 1911 2446 2157 2508; x_wconf 88' lang='lat' dir='ltr'><strong>creatus,</strong></span> <span class='ocrx_word' id='word_1_199' title='bbox 2202 2446 2389 2511; x_wconf 84' lang='lat' dir='ltr'><strong>potes-</strong></span> 
     </span>
     <span class='ocr_line' id='line_1_25' title="bbox 337 2527 1005 2605; baseline -0.004 -15"><span class='ocrx_word' id='word_1_200' title='bbox 337 2540 513 2590; x_wconf 87' lang='lat' dir='ltr'><strong>tatem</strong></span> <span class='ocrx_word' id='word_1_201' title='bbox 540 2528 800 2587; x_wconf 87' lang='lat' dir='ltr'><strong>obtinere</strong></span> <span class='ocrx_word' id='word_1_202' title='bbox 821 2527 1005 2605; x_wconf 87' lang='lat' dir='ltr'><strong>jussit.</strong></span> 
     </span>
     <span class='ocr_line' id='line_1_26' title="bbox 351 2617 2388 2697; baseline -0 -18"><span class='ocrx_word' id='word_1_203' title='bbox 351 2680 357 2689; x_wconf 76' lang='grc'>,</span> <span class='ocrx_word' id='word_1_204' title='bbox 417 2620 708 2679; x_wconf 90' lang='lat' dir='ltr'>XXXIV.</span> <span class='ocrx_word' id='word_1_205' title='bbox 765 2621 899 2679; x_wconf 90' lang='lat' dir='ltr'><strong>Hoc</strong></span> <span class='ocrx_word' id='word_1_206' title='bbox 924 2621 1187 2689; x_wconf 63' lang='lat' dir='ltr'><strong>,decreto</strong></span> <span class='ocrx_word' id='word_1_207' title='bbox 1238 2619 1595 2697; x_wconf 88' lang='lat' dir='ltr'><strong>interposito,</strong></span> <span class='ocrx_word' id='word_1_208' title='bbox 1649 2618 1980 2677; x_wconf 83' lang='lat' dir='ltr'><strong>cohortatus</strong></span> <span class='ocrx_word' id='word_1_209' title='bbox 2024 2617 2268 2690; x_wconf 87' lang='lat' dir='ltr'><strong>AEduos,</strong></span> <span class='ocrx_word' id='word_1_210' title='bbox 2323 2626 2388 2679; x_wconf 90' lang='lat' dir='ltr'><strong>ut</strong></span> 
     </span>
     <span class='ocr_line' id='line_1_27' title="bbox 341 2711 2388 2787; baseline -0 -15"><span class='ocrx_word' id='word_1_211' title='bbox 341 2713 853 2772; x_wconf 86' lang='lat' dir='ltr'><strong>controversiarum</strong></span> <span class='ocrx_word' id='word_1_212' title='bbox 895 2731 965 2770; x_wconf 87' lang='lat' dir='ltr'><strong>ac</strong></span> <span class='ocrx_word' id='word_1_213' title='bbox 1005 2712 1425 2771; x_wconf 89' lang='lat' dir='ltr'><strong>dissensionum</strong></span> <span class='ocrx_word' id='word_1_214' title='bbox 1466 2711 1958 2783; x_wconf 76' lang='lat' dir='ltr'><strong>obliviscerentur,</strong></span> <span class='ocrx_word' id='word_1_215' title='bbox 1988 2720 2178 2787; x_wconf 83' lang='lat' dir='ltr'><strong>atque,</strong></span> <span class='ocrx_word' id='word_1_216' title='bbox 2205 2711 2388 2771; x_wconf 89' lang='lat' dir='ltr'><strong>omni-</strong></span> 
     </span>
     <span class='ocr_line' id='line_1_28' title="bbox 343 2803 2388 2880; baseline -0 -17"><span class='ocrx_word' id='word_1_217' title='bbox 343 2806 449 2863; x_wconf 91' lang='lat' dir='ltr'><strong>bus</strong></span> <span class='ocrx_word' id='word_1_218' title='bbox 474 2804 699 2863; x_wconf 89' lang='lat' dir='ltr'><strong>omissis</strong></span> <span class='ocrx_word' id='word_1_219' title='bbox 726 2804 815 2862; x_wconf 91' lang='lat' dir='ltr'><strong>his</strong></span> <span class='ocrx_word' id='word_1_220' title='bbox 840 2805 1031 2877; x_wconf 89' lang='lat' dir='ltr'><strong>rebus,</strong></span> <span class='ocrx_word' id='word_1_221' title='bbox 1060 2804 1198 2863; x_wconf 88' lang='lat' dir='ltr'><strong>huic</strong></span> <span class='ocrx_word' id='word_1_222' title='bbox 1239 2803 1392 2861; x_wconf 90' lang='lat' dir='ltr'><strong>bello</strong></span> <span class='ocrx_word' id='word_1_223' title='bbox 1429 2803 1726 2875; x_wconf 83' lang='lat' dir='ltr'><strong>servirent,</strong></span> <span class='ocrx_word' id='word_1_224' title='bbox 1754 2820 1956 2879; x_wconf 88' lang='lat' dir='ltr'><strong>eaque,</strong></span> <span class='ocrx_word' id='word_1_225' title='bbox 1983 2822 2111 2880; x_wconf 82' lang='lat' dir='ltr'><strong>quae</strong></span> <span class='ocrx_word' id='word_1_226' title='bbox 2150 2803 2388 2862; x_wconf 88' lang='lat' dir='ltr'><strong>meruis-</strong></span> 
     </span>
     <span class='ocr_line' id='line_1_29' title="bbox 340 2894 2387 2973; baseline -0 -17"><span class='ocrx_word' id='word_1_227' title='bbox 340 2908 485 2968; x_wconf 88' lang='lat' dir='ltr'><strong>sent,</strong></span> <span class='ocrx_word' id='word_1_228' title='bbox 513 2896 743 2973; x_wconf 80' lang='lat' dir='ltr'><strong>praemia</strong></span> <span class='ocrx_word' id='word_1_229' title='bbox 786 2895 858 2953; x_wconf 93' lang='lat' dir='ltr'><strong>ab</strong></span> <span class='ocrx_word' id='word_1_230' title='bbox 897 2914 979 2968; x_wconf 88' lang='lat' dir='ltr'><strong>se,</strong></span> <span class='ocrx_word' id='word_1_231' title='bbox 1009 2896 1234 2953; x_wconf 68' lang='lat' dir='ltr'><strong>devicta</strong></span> <span class='ocrx_word' id='word_1_232' title='bbox 1273 2894 1487 2966; x_wconf 67' lang='lat' dir='ltr'><strong>Gallia,</strong></span> <span class='ocrx_word' id='word_1_233' title='bbox 1514 2905 1928 2971; x_wconf 77' lang='lat' dir='ltr'><strong>exspectarent,</strong></span> <span class='ocrx_word' id='word_1_234' title='bbox 1957 2896 2387 2972; x_wconf 84' lang='lat' dir='ltr'><strong>equitatumque</strong></span> 
     </span>
     <span class='ocr_line' id='line_1_30' title="bbox 340 2986 2387 3064; baseline -0.001 -16"><span class='ocrx_word' id='word_1_235' title='bbox 340 3007 566 3048; x_wconf 88' lang='lat' dir='ltr'><strong>omnem</strong></span> <span class='ocrx_word' id='word_1_236' title='bbox 609 2998 668 3046; x_wconf 92' lang='lat' dir='ltr'><strong>et</strong></span> <span class='ocrx_word' id='word_1_237' title='bbox 709 2987 970 3064; x_wconf 86' lang='lat' dir='ltr'><strong>peditum</strong></span> <span class='ocrx_word' id='word_1_238' title='bbox 1011 2986 1193 3045; x_wconf 86' lang='lat' dir='ltr'><strong>millia</strong></span> <span class='ocrx_word' id='word_1_239' title='bbox 1231 2986 1287 3044; x_wconf 91' lang='lat' dir='ltr'>X</span> <span class='ocrx_word' id='word_1_240' title='bbox 1339 2986 1451 3045; x_wconf 88' lang='lat' dir='ltr'><strong>sibi</strong></span> <span class='ocrx_word' id='word_1_241' title='bbox 1492 2986 1755 3045; x_wconf 89' lang='lat' dir='ltr'><strong>celeriter</strong></span> <span class='ocrx_word' id='word_1_242' title='bbox 1800 2986 2109 3058; x_wconf 87' lang='lat' dir='ltr'><strong>mitterent,</strong></span> <span class='ocrx_word' id='word_1_243' title='bbox 2149 3006 2277 3062; x_wconf 83' lang='lat' dir='ltr'><strong>qnae</strong></span> <span class='ocrx_word' id='word_1_244' title='bbox 2325 2988 2387 3046; x_wconf 91' lang='lat' dir='ltr'><strong>in</strong></span> 
     </span>
     <span class='ocr_line' id='line_1_31' title="bbox 340 3078 2389 3157; baseline 0 -19"><span class='ocrx_word' id='word_1_245' title='bbox 340 3079 617 3157; x_wconf 82' lang='lat' dir='ltr'><strong>praesidiis</strong></span> <span class='ocrx_word' id='word_1_246' title='bbox 658 3080 742 3138; x_wconf 90' lang='lat' dir='ltr'><strong>rei</strong></span> <span class='ocrx_word' id='word_1_247' title='bbox 787 3078 1170 3137; x_wconf 70' lang='lat' dir='ltr'><strong>frumentariae</strong></span> <span class='ocrx_word' id='word_1_248' title='bbox 1194 3078 1390 3136; x_wconf 53' lang='lat' dir='ltr'><strong>&gt;causa</strong></span> <span class='ocrx_word' id='word_1_249' title='bbox 1434 3078 1778 3155; x_wconf 85' lang='lat' dir='ltr'><strong>disponeret,</strong></span> <span class='ocrx_word' id='word_1_250' title='bbox 1807 3079 2120 3138; x_wconf 87' lang='lat' dir='ltr'><strong>exercitum</strong></span> <span class='ocrx_word' id='word_1_251' title='bbox 2159 3078 2218 3136; x_wconf 91' lang='lat' dir='ltr'><strong>in</strong></span> <span class='ocrx_word' id='word_1_252' title='bbox 2245 3078 2389 3138; x_wconf 86' lang='lat' dir='ltr'><strong>duas</strong></span> 
     </span>
     <span class='ocr_line' id='line_1_32' title="bbox 342 3169 2390 3249; baseline -0 -19"><span class='ocrx_word' id='word_1_253' title='bbox 342 3185 529 3249; x_wconf 88' lang='lat' dir='ltr'><strong>partes</strong></span> <span class='ocrx_word' id='word_1_254' title='bbox 572 3170 799 3241; x_wconf 79' lang='lat' dir='ltr'><strong>divisit3</strong></span> <span class='ocrx_word' id='word_1_255' title='bbox 861 3170 948 3227; x_wconf 92' lang='lat' dir='ltr'><strong>IV</strong></span> <span class='ocrx_word' id='word_1_256' title='bbox 998 3171 1255 3248; x_wconf 87' lang='lat' dir='ltr'><strong>legiones</strong></span> <span class='ocrx_word' id='word_1_257' title='bbox 1303 3170 1362 3228; x_wconf 91' lang='lat' dir='ltr'><strong>in</strong></span> <span class='ocrx_word' id='word_1_258' title='bbox 1409 3171 1670 3228; x_wconf 86' lang='lat' dir='ltr'><strong>Senones</strong></span> <span class='ocrx_word' id='word_1_259' title='bbox 1714 3169 2076 3246; x_wconf 86' lang='lat' dir='ltr'><strong>Parisiosque</strong></span> <span class='ocrx_word' id='word_1_260' title='bbox 2129 3169 2390 3229; x_wconf 90' lang='lat' dir='ltr'><strong>Labieno</strong></span> 
     </span>
     <span class='ocr_line' id='line_1_33' title="bbox 247 3261 2388 3339; baseline -0.001 -17"><span class='ocrx_word' id='word_1_261' title='bbox 247 3278 258 3283; x_wconf 85' lang='grc'><em>·</em></span> <span class='ocrx_word' id='word_1_262' title='bbox 342 3264 633 3322; x_wconf 87' lang='lat' dir='ltr'><strong>ducendas</strong></span> <span class='ocrx_word' id='word_1_263' title='bbox 661 3262 851 3333; x_wconf 82' lang='lat' dir='ltr'><strong>dedit3</strong></span> <span class='ocrx_word' id='word_1_264' title='bbox 892 3262 979 3320; x_wconf 86' lang='lat' dir='ltr'><strong>VI</strong></span> <span class='ocrx_word' id='word_1_265' title='bbox 1008 3262 1129 3338; x_wconf 90' lang='lat' dir='ltr'><strong>ipse</strong></span> <span class='ocrx_word' id='word_1_266' title='bbox 1176 3262 1236 3320; x_wconf 91' lang='lat' dir='ltr'><strong>in</strong></span> <span class='ocrx_word' id='word_1_267' title='bbox 1280 3262 1574 3320; x_wconf 85' lang='lat' dir='ltr'><strong>Arvernos</strong></span> <span class='ocrx_word' id='word_1_268' title='bbox 1617 3261 1689 3318; x_wconf 92' lang='lat' dir='ltr'><strong>ad</strong></span> <span class='ocrx_word' id='word_1_269' title='bbox 1730 3262 2002 3338; x_wconf 86' lang='lat' dir='ltr'><strong>oppidum</strong></span> <span class='ocrx_word' id='word_1_270' title='bbox 2040 3262 2388 3339; x_wconf 87' lang='lat' dir='ltr'><strong>Gergoviam</strong></span> 
     </span>
     <span class='ocr_line' id='line_1_34' title="bbox 341 3341 2427 3429; baseline -0.002 -14"><span class='ocrx_word' id='word_1_271' title='bbox 341 3353 660 3415; x_wconf 70' lang='lat' dir='ltr'><strong>secundum</strong></span> <span class='ocrx_word' id='word_1_272' title='bbox 689 3353 901 3413; x_wconf 89' lang='lat' dir='ltr'><strong>flumen</strong></span> <span class='ocrx_word' id='word_1_273' title='bbox 929 3353 1136 3412; x_wconf 86' lang='lat' dir='ltr'><strong>Elaver</strong></span> <span class='ocrx_word' id='word_1_274' title='bbox 1161 3351 1324 3411; x_wconf 85' lang='lat' dir='ltr'><strong>duxit</strong></span> <span class='ocrx_word' id='word_1_275' title='bbox 1343 3373 1358 3424; x_wconf 91' lang='lat'>;</span> <span class='ocrx_word' id='word_1_276' title='bbox 1401 3353 1688 3429; x_wconf 69' lang='lat' dir='ltr'><strong>equitatus</strong></span> <span class='ocrx_word' id='word_1_277' title='bbox 1725 3341 1945 3429; x_wconf 85' lang='lat' dir='ltr'><strong>partem</strong></span> <span class='ocrx_word' id='word_1_278' title='bbox 1985 3353 2068 3412; x_wconf 89' lang='lat' dir='ltr'><strong>illi</strong></span> <span class='ocrx_word' id='word_1_279' title='bbox 2111 3353 2387 3424; x_wconf 90' lang='lat' dir='ltr'><strong>attribuit,</strong></span> <span class='ocrx_word' id='word_1_280' title='bbox 2420 3422 2427 3429; x_wconf 86' lang='lat'><strong>.</strong></span> 
     </span>
     <span class='ocr_line' id='line_1_35' title="bbox 339 3444 2389 3524; baseline -0.002 -19"><span class='ocrx_word' id='word_1_281' title='bbox 339 3458 557 3524; x_wconf 88' lang='lat' dir='ltr'><strong>partem</strong></span> <span class='ocrx_word' id='word_1_282' title='bbox 586 3445 696 3503; x_wconf 89' lang='lat' dir='ltr'><strong>sibi</strong></span> <span class='ocrx_word' id='word_1_283' title='bbox 734 3445 979 3520; x_wconf 91' lang='lat' dir='ltr'><strong>reliquit.</strong></span> <span class='ocrx_word' id='word_1_284' title='bbox 1058 3444 1202 3507; x_wconf 64' lang='lat' dir='ltr'><strong>Qua</strong></span> <span class='ocrx_word' id='word_1_285' title='bbox 1242 3463 1305 3503; x_wconf 90' lang='lat' dir='ltr'><strong>re</strong></span> <span class='ocrx_word' id='word_1_286' title='bbox 1348 3445 1604 3522; x_wconf 71' lang='lat' dir='ltr'><strong>cognita,</strong></span> <span class='ocrx_word' id='word_1_287' title='bbox 1634 3444 2093 3523; x_wconf 82' lang='lat' dir='ltr'><strong>Vercingetorix,</strong></span> <span class='ocrx_word' id='word_1_288' title='bbox 2120 3445 2389 3504; x_wconf 88' lang='lat' dir='ltr'><strong>omnibus</strong></span> 
     </span>
     <span class='ocr_line' id='line_1_36' title="bbox 341 3534 2391 3614; baseline -0.004 -15"><span class='ocrx_word' id='word_1_289' title='bbox 341 3537 672 3614; x_wconf 88' lang='lat' dir='ltr'><strong>interruptis</strong></span> <span class='ocrx_word' id='word_1_290' title='bbox 698 3536 821 3613; x_wconf 89' lang='lat' dir='ltr'><strong>ejus</strong></span> <span class='ocrx_word' id='word_1_291' title='bbox 845 3536 1099 3595; x_wconf 89' lang='lat' dir='ltr'><strong>fluminis</strong></span> <span class='ocrx_word' id='word_1_292' title='bbox 1136 3536 1426 3613; x_wconf 89' lang='lat' dir='ltr'><strong>pontibus,</strong></span> <span class='ocrx_word' id='word_1_293' title='bbox 1456 3537 1528 3593; x_wconf 89' lang='lat' dir='ltr'><strong>ab</strong></span> <span class='ocrx_word' id='word_1_294' title='bbox 1569 3536 1745 3594; x_wconf 71' lang='lat' dir='ltr'><strong>altera</strong></span> <span class='ocrx_word' id='word_1_295' title='bbox 1785 3536 2043 3595; x_wconf 88' lang='lat' dir='ltr'><strong>Elaveris</strong></span> <span class='ocrx_word' id='word_1_296' title='bbox 2080 3546 2242 3613; x_wconf 89' lang='lat' dir='ltr'><strong>parte</strong></span> <span class='ocrx_word' id='word_1_297' title='bbox 2281 3534 2391 3592; x_wconf 86' lang='lat' dir='ltr'><strong>iter</strong></span> 
     </span>
     <span class='ocr_line' id='line_1_37' title="bbox 340 3628 751 3704; baseline -0.005 -16"><span class='ocrx_word' id='word_1_298' title='bbox 340 3631 532 3688; x_wconf 88' lang='lat' dir='ltr'><strong>facere</strong></span> <span class='ocrx_word' id='word_1_299' title='bbox 561 3628 751 3704; x_wconf 88' lang='lat' dir='ltr'><strong>coepit.</strong></span> 
     </span>
    </p>

    <p class='ocr_par' dir='ltr' id='par_1_5' title="bbox 342 3705 2388 3977">
     <span class='ocr_line' id='line_1_38' title="bbox 403 3705 2386 3794; baseline -0.003 -17"><span class='ocrx_word' id='word_1_300' title='bbox 403 3705 681 3780; x_wconf 75' lang='lat' dir='ltr'>JXXXV.</span> <span class='ocrx_word' id='word_1_301' title='bbox 733 3719 938 3782; x_wconf 81' lang='lat' dir='ltr'><strong>Quum</strong></span> <span class='ocrx_word' id='word_1_302' title='bbox 966 3729 1206 3793; x_wconf 91' lang='lat' dir='ltr'><strong>uterque</strong></span> <span class='ocrx_word' id='word_1_303' title='bbox 1227 3718 1454 3794; x_wconf 90' lang='lat' dir='ltr'><strong>utrique</strong></span> <span class='ocrx_word' id='word_1_304' title='bbox 1480 3728 1631 3777; x_wconf 90' lang='lat' dir='ltr'><strong>esset</strong></span> <span class='ocrx_word' id='word_1_305' title='bbox 1650 3717 1936 3777; x_wconf 85' lang='lat' dir='ltr'><strong>exercitus</strong></span> <span class='ocrx_word' id='word_1_306' title='bbox 1963 3718 2022 3775; x_wconf 90' lang='lat' dir='ltr'><strong>in</strong></span> <span class='ocrx_word' id='word_1_307' title='bbox 2050 3724 2386 3791; x_wconf 90' lang='lat' dir='ltr'><strong>conspectu,</strong></span> 
     </span>
     <span class='ocr_line' id='line_1_39' title="bbox 342 3807 2388 3890; baseline -0.003 -18"><span class='ocrx_word' id='word_1_308' title='bbox 342 3811 579 3890; x_wconf 73' lang='lat' dir='ltr'><strong>fereque</strong></span> <span class='ocrx_word' id='word_1_309' title='bbox 606 3830 640 3870; x_wconf 90' lang='lat' dir='ltr'><strong>e</strong></span> <span class='ocrx_word' id='word_1_310' title='bbox 671 3810 907 3889; x_wconf 90' lang='lat' dir='ltr'><strong>regione</strong></span> <span class='ocrx_word' id='word_1_311' title='bbox 948 3810 1150 3869; x_wconf 89' lang='lat' dir='ltr'><strong>castris</strong></span> <span class='ocrx_word' id='word_1_312' title='bbox 1188 3821 1376 3868; x_wconf 86' lang='lat' dir='ltr'><strong>castra</strong></span> <span class='ocrx_word' id='word_1_313' title='bbox 1414 3819 1672 3886; x_wconf 88' lang='lat' dir='ltr'><strong>poneret,</strong></span> <span class='ocrx_word' id='word_1_314' title='bbox 1699 3809 1988 3885; x_wconf 88' lang='lat' dir='ltr'><strong>dispositis</strong></span> <span class='ocrx_word' id='word_1_315' title='bbox 2026 3807 2388 3883; x_wconf 77' lang='lat' dir='ltr'><strong>exploratori-</strong></span> 
     </span>
     <span class='ocr_line' id='line_1_40' title="bbox 342 3896 2387 3977; baseline -0.002 -13"><span class='ocrx_word' id='word_1_316' title='bbox 342 3906 471 3972; x_wconf 80' lang='lat' dir='ltr'><strong>bus,</strong></span> <span class='ocrx_word' id='word_1_317' title='bbox 498 3902 711 3961; x_wconf 90' lang='lat' dir='ltr'><strong>necubi</strong></span> <span class='ocrx_word' id='word_1_318' title='bbox 741 3901 947 3960; x_wconf 86' lang='lat' dir='ltr'><strong>effecto</strong></span> <span class='ocrx_word' id='word_1_319' title='bbox 971 3911 1144 3977; x_wconf 88' lang='lat' dir='ltr'><strong>ponte</strong></span> <span class='ocrx_word' id='word_1_320' title='bbox 1172 3900 1426 3960; x_wconf 84' lang='lat' dir='ltr'><strong>Romani</strong></span> <span class='ocrx_word' id='word_1_321' title='bbox 1464 3899 1662 3975; x_wconf 85' lang='lat' dir='ltr'><strong>copias</strong></span> <span class='ocrx_word' id='word_1_322' title='bbox 1698 3898 2154 3970; x_wconf 72' lang='lat' dir='ltr'><strong>transducerent,</strong></span> <span class='ocrx_word' id='word_1_323' title='bbox 2180 3909 2303 3958; x_wconf 87' lang='lat' dir='ltr'><strong>erat</strong></span> <span class='ocrx_word' id='word_1_324' title='bbox 2330 3896 2387 3960; x_wconf 73' lang='lat' dir='ltr'><strong>iu</strong></span> 
     </span>
    </p>
   </div>
  </div>
 </body>
</html>
