2747 4376
353 242 394 299 6
1007 241 1103 289 DE
1150 241 1383 290 BELLO
1431 240 1751 290 GALLICO
2079 242 2235 307 [Ου’.
2267 243 2396 291 9-4

356 366 646 454 inductus,
676 382 1131 459 conjurationem
1159 383 1476 442 nobilitatis
1503 383 1661 455 fecit,
1690 393 1749 441 et
1776 383 1994 441 civitati
2021 385 2323 461 persuasit,
2348 395 2416 444 ut

353 474 426 531 de
474 475 684 531 finibus
726 475 845 531 suis
893 494 1028 532 cum
1074 476 1343 563 omnibus
1388 476 1571 551 copiis
1624 476 1883 533 exirent:
1936 477 2211 578 perfacile
2263 496 2411 550 esse,

354 584 529 639 quum
559 566 764 623 virtute
792 566 1060 623 omnibus
1093 576 1449 642 praestarent,
1475 567 1653 623 totius
1691 567 1897 624 Galliae
1940 567 2181 643 imperio
2218 569 2409 645 potiri.

352 655 420 712 Id
450 656 560 714 hoc
590 644 819 735 facilius
845 657 930 714 eis
955 658 1256 733 persuasit,
1286 657 1443 732 quod
1483 658 1739 732 undique
1778 658 1893 715 loci
1920 661 2125 716 natura
2155 660 2411 719 Helvetii

353 748 753 805 continentur:
797 767 912 806 una
943 766 1012 806 ex
1039 760 1200 825 parte
1227 747 1465 806 flumine
1491 747 1725 820 Rhen0,
1753 748 2032 807 latissimo
2059 760 2230 825 atque
2259 752 2411 810 altis-

351 838 516 909 sim0,
546 839 643 914 qui
674 858 871 948 agrum
903 839 1235 897 Helvetium
1265 859 1298 897 a
1323 839 1631 897 Germanis
1658 839 1900 911 dividit;
1943 841 2121 898 altera
2150 860 2220 899 ex
2244 854 2408 918 parte

351 941 546 987 monte
587 930 623 987 J
627 949 731 987 ura
781 930 1076 1003 altissimo,
1123 931 1221 1006 qui
1274 941 1361 988 est
1416 930 1562 987 inter
1616 931 1917 1033 Sequanos
1974 942 2032 989 et
2073 932 2404 991 Helvetios·
2387 978 2403 1005 ,

349 1018 518 1079 tertia
545 1019 678 1079 lanu
707 1021 1006 1079 Lemanno
1032 1032 1090 1080 et
1127 1022 1364 1079 flumine
1404 1011 1714 1093 Rhodano,
1743 1021 1843 1097 qui
1880 1023 2238 1098 provinciam
2278 1044 2409 1083 nos-

349 1122 495 1170 tram
525 1113 596 1170 ab
625 1112 907 1170 Helvetiis
947 1113 1166 1170 dividit.
1250 1112 1363 1169 His
1411 1114 1581 1170 rebus
1625 1112 1826 1184 fiebat,-
1846 1123 1910 1170 ut
1956 1125 2015 1171 et
2054 1113 2247 1173 minus
2286 1114 2403 1174 late

350 1214 710 1281 vagarentur,
752 1216 810 1262 et
861 1202 1053 1262 minus
1096 1203 1266 1262 facile
1315 1203 1574 1261 finitimis
1615 1203 1829 1261 bellum
1876 1204 2087 1264 inferre
2133 1218 2403 1283 possent:

349 1295 464 1370 qua
491 1295 564 1353 de
592 1296 768 1353 causa
797 1296 1058 1353 homines
1085 1295 1335 1353 bellandi
1364 1294 1561 1371 cupidi
1589 1314 1802 1372 magno
1841 1295 2037 1354 dolore
2080 1298 2405 1356 afficieban-

349 1398 456 1445 tur.
540 1387 654 1446 Pro
680 1388 1047 1445 multitudine
1077 1399 1268 1444 autem
1296 1386 1615 1456 hominum,
1644 1397 1702 1443 et
1727 1405 1833 1462 pro
1859 1387 2042 1464 gloria
2070 1389 2203 1446 belli
2234 1401 2404 1465 atque

350 1479 720 1551 fortitudiniS,
752 1490 1022 1556 angustos
1050 1497 1112 1535 se
1140 1478 1283 1535 fines
1325 1477 1536 1534 habere
1578 1472 2016 1550 arbitrabantur,
2045 1479 2144 1553 qui
2183 1480 2243 1537 in
2283 1481 2404 1539 lon-

347 1572 669 1649 gitudinem
723 1573 904 1629 millia
954 1591 1226 1649 passuum
1282 1570 1524 1641 CCXL,
1581 1571 1640 1629 in
1692 1571 2056 1629 latitudinem
2110 1573 2402 1633 CLXXX

349 1666 637 1740 patebant.

426 1754 535 1812 III.
594 1755 704 1812 His
746 1754 917 1813 rebus
961 1754 1216 1824 adducti,
1245 1764 1303 1811 et
1345 1754 1684 1811 auctoritate
1729 1752 2092 1833 Orgetorigis
2137 1758 2400 1832 permoti,

350 1846 769 1904 constituerunt
795 1864 883 1917 ea,
913 1865 1040 1921 quae
1080 1845 1151 1902 ad
1192 1845 1673 1921 proficiscendum
1712 1846 2084 1921 pertinerent,
2113 1865 2404 1924 compara·
2493 1872 2500 1875 ·

347 1955 437 2008 re;
474 1937 863 2014 jumentorum
895 1949 951 1994 et
981 1956 1273 1995 carrorum
1303 1912 1478 2011 quam
1506 1937 1818 1994 maximum
1845 1946 2148 1995 numerum
2177 1943 2404 1999 coeme-

347 2048 441 2100 re;
484 2040 767 2086 sementes
794 2028 967 2104 quam
996 2029 1271 2086 maximas
1300 2028 1511 2099 facere,
1534 2038 1597 2085 ut
1619 2028 1678 2085 in
1702 2027 1907 2086 itinere
1935 2029 2103 2105 copia
2131 2030 2401 2090 frumenti

348 2131 704 2197 suppeteret;
749 2139 881 2177 cum
910 2120 1182 2196 proximis
1224 2119 1551 2176 civitatibus
1590 2138 1795 2195 pacem
1836 2131 1894 2177 et
1928 2120 2240 2179 amicitiam
2269 2141 2405 2204 con-

347 2214 588 2271 firmare.
673 2212 769 2269 Ad
798 2232 895 2270 eas
923 2232 1013 2270 res
1041 2211 1431 2269 conficiendas
1458 2212 1755 2269 biennium
1783 2212 1894 2269 sibi
1937 2213 2075 2271 satis
2112 2232 2237 2271 esse
2266 2214 2405 2272 dux·

348 2314 534 2377 erunt,
581 2305 641 2362 in
686 2305 919 2362 tertium
969 2323 1182 2362 annum
1232 2303 1648 2379 profectionem
1691 2304 1846 2385 lege
1867 2304 2221 2363 confirmant.
2305 2306 2403 2363 Ad

348 2415 444 2455 eas
472 2417 564 2456 res
591 2397 982 2456 conficiendas
1007 2395 1319 2473 Orgetorix
1346 2395 1632 2472 deligitur.
1715 2395 1774 2451 Is
1791 2390 1915 2455 &bi
1956 2395 2302 2473 legationem
2332 2398 2399 2455 ad

349 2490 610 2547 civitates
651 2490 922 2565 suscepit,
970 2488 1030 2545 in
1072 2508 1143 2545 eo
1197 2488 1402 2544 itinere
1448 2487 1755 2563 persuadet
1802 2486 2059 2560 Castico,
2102 2488 2407 2547 Cataman-

345 2581 551 2638 taledis
588 2581 724 2651 filio,
763 2582 1054 2655 Sequano,
1092 2579 1257 2654 cujus
1294 2589 1457 2654 pater
1498 2596 1740 2654 regnum
1776 2577 1836 2634 in
1875 2579 2161 2653 Sequanis
2195 2582 2403 2639 multos

350 2691 530 2728 annos
570 2672 916 2742 obtinuerat,
944 2680 1003 2727 et
1033 2690 1066 2727 a
1093 2671 1152 2727 S.
1184 2669 1247 2727 P.
1278 2669 1355 2726 R.
1391 2669 1610 2725 amicus
1654 2669 1968 2743 appellatus
2009 2680 2150 2743 erat,
2181 2683 2243 2729 ut
2282 2690 2407 2749 reg-

348 2782 487 2819 num
542 2763 602 2819 in
657 2762 889 2819 civitate
941 2762 1046 2818 sua
1102 2772 1433 2836 occuparet,
1483 2759 1636 2833 quod
1689 2772 1850 2834 pater
1906 2759 2038 2816 ante
2094 2762 2402 2821 habuerat:

350 2854 599 2928 itemque
647 2853 992 2929 Dumnorigi
1040 2852 1254 2923 AEduo,
1305 2850 1463 2908 fratri
1521 2850 1816 2920 Divitiaci,
1872 2850 1970 2924 qui
2026 2869 2097 2908 eo
2148 2862 2406 2927 ternpore
2459 2867 2462 2876 ·

349 2945 731 3020 principatum
781 2944 840 3001 in
892 2944 1124 3029 civitate
1165 2942 1482 3011 obtinebat,
1529 2960 1597 2998 ac
1645 2939 1892 2997 rri‘axime
1935 2940 2091 3015 plebi
2135 2954 2407 3019 acceptus

349 3047 489 3107 erat,
521 3046 583 3093 ut
610 3037 762 3092 idem
791 3046 1116 3105 conaretur,
1144 3034 1470 3110 persuadet,
1499 3033 1668 3106 eique
1708 3031 1884 3089 filiam
1926 3051 2089 3090 suam
2126 3033 2186 3090 in
2215 3036 2407 3093 matri-

349 3127 604 3184 monium
633 3126 746 3184 dat.
834 3125 1115 3183 Perfacile
1144 3125 1298 3182 factu
1329 3143 1455 3181 esse
1493 3122 1606 3180 illis
1645 3124 1848 3199 probat
1876 3134 2084 3181 conata
2108 3125 2403 3200 perficere,
2441 3179 2456 3196 ,

349 3229 645 3293 propterea
681 3216 835 3292 quod
880 3217 1001 3292 ipse
1047 3236 1165 3274 suae
1209 3215 1458 3272 civitatis
1500 3215 1800 3290 imperium
1842 3215 2181 3273 obtenturus
2221 3229 2402 3276 esset:

292 3353 299 3360 ,
348 3328 463 3366 non
492 3327 617 3366 esse
645 3308 914 3379 dubium,
927 3308 1066 3383 quin
1096 3307 1270 3376 totius
1291 3306 1496 3392 Galliae
1516 3304 1827 3382 plurimum
1858 3306 2112 3365 Helvetii
2138 3320 2403 3384 possent:

348 3419 409 3457 se
458 3401 576 3457 suis
618 3401 803 3477 copiis
850 3417 1070 3474 suoque
1113 3399 1369 3457 exercitu
1415 3398 1527 3455 illis
1569 3417 1748 3474 regna
1788 3399 2230 3457 conciliaturum
2273 3420 2407 3458 con-

350 3491 550 3548 firmat.
636 3491 767 3549 Hac
809 3491 1068 3549 oratione
1116 3491 1369 3560 adducti,
1400 3490 1548 3547 inter
1590 3509 1652 3547 se
1692 3489 1865 3547 fidem
1912 3501 1971 3547 et
2006 3490 2406 3566 jusjurandum

349 3582 505 3653 dant,
536 3593 612 3653 et,
643 3601 823 3659 regno
858 3593 1162 3658 occupato,
1192 3600 1292 3658 per
1320 3592 1437 3640 tres
1475 3581 1903 3657 potentissimos
1946 3600 2014 3638 ac
2053 3582 2406 3641 firmissimos

349 3676 587 3752 populos
613 3675 789 3732 totius
815 3675 1018 3732 Galliae
1048 3693 1174 3733 sese
1199 3674 1370 3753 potiri
1398 3692 1566 3750 posse
1603 3682 1848 3749 sperant.

427 3766 530 3824 IV.
588 3766 676 3825 Ea
702 3786 793 3826 res
819 3779 873 3825 u*
908 3776 995 3825 est
1025 3766 1307 3824 Helvetiis
1345 3784 1448 3842 per
1476 3764 1759 3822 indicium
1787 3764 2117 3836 enunciata,
2147 3765 2406 3822 moribus

350 3857 470 3915 suis
495 3857 898 3937 Orgetorigem
929 3877 998 3916 ex
1026 3858 1272 3915 vinculis
1300 3874 1533 3915 causam
1563 3856 1758 3914 dicere
1780 3859 2131 3934 coiigerunt:
2175 3856 2406 3915 damna-
