2747 4376
278 314 421 364 cu.
456 316 683 376 44—47.J
1048 312 1260 362 mssa
1306 312 1588 362 ptumus.
2270 310 2351 368 27

282 468 412 515 tum
441 477 568 516 esse
600 459 881 515 facturum
909 477 920 513 z
966 456 1023 513 id
1053 476 1114 514 se
1145 457 1217 513 ab
1249 455 1387 532 ipsis
1427 474 1528 531 per
1570 472 1765 512 eorum
1808 452 2054 510 nuncios
2096 470 2349 527 comper-

284 560 414 607 tum
465 551 693 620 habere,
740 568 983 624 quornm
1031 549 1289 605 omnium
1344 547 1587 624 gratiam
1644 558 1814 620 atque
1869 544 2180 602 amicitiam
2228 543 2352 620 ejus

287 653 476 699 morte
518 641 797 699 redimere
834 651 1041 716 posset.
1122 639 1306 700 Qudd
1347 641 1395 696 si
1445 639 1801 708 decessisset,
1834 655 1901 693 ac
1944 636 2181 693 liberam
2223 654 2352 711 pos-

289 734 605 791 sessionem
631 732 833 789 Galliae
862 732 971 789 sibi
1000 731 1343 801 tradidisset,
1373 750 1584 807 magno
1612 749 1673 787 se
1702 730 1858 787 illum
1901 727 2136 804 praemio
2164 745 2350 784 remu-

291 835 645 895 neraturum,
669 836 744 895 et,
769 841 1146 899 quascumque
1173 823 1324 880 bella
1349 823 1472 899 geri
1503 822 1689 892 vellet,
1713 822 1837 879 sine
1866 822 1983 877 ullo
2009 821 2131 897 ejus
2152 819 2349 879 labore

292 928 350 973 et
377 916 638 992 periculo
665 915 1098 972 confecturum!

360 1007 559 1065 ,XLV.
617 1006 806 1064 Multa
835 1007 904 1063 ab
934 1006 1164 1064 Caesare
1193 1006 1253 1062 in
1282 1024 1410 1062 eam
1439 1004 1780 1062 sententiam
1809 1005 1965 1061 dicta
1992 1015 2144 1076 sunt,
2171 1021 2348 1080 quare
2437 998 2446 1007 ’

292 1099 530 1176 negotio
582 1098 855 1156 desistere
909 1117 1024 1154 non
1071 1108 1282 1172 posset,
1332 1108 1391 1154 et
1439 1103 1454 1130 ‘
1479 1115 1666 1171 neque
1714 1115 1873 1153 suam
1923 1114 2110 1169 neque
2151 1095 2345 1171 populi

296 1190 553 1248 Romani
584 1190 1057 1247 consuetudinem
1088 1188 1225 1264 pati,
1257 1187 1337 1247 uti
1368 1187 1583 1264 optime
1627 1189 1860 1245 meritos
1900 1187 2087 1245 socios
2114 1187 2350 1244 -desere-

199 1306 233 1315 ‘
294 1284 653 1363 ret-,neque
707 1301 767 1339 se
818 1282 1079 1357 judicare
1119 1280 1369 1338 Galliam
1418 1280 1608 1355 potius
1654 1298 1780 1337 esse
1829 1279 2124 1350 Ariovisti,
2175 1278 2349 1353 quam

293 1374 489 1450 populi
523 1374 792 1431 Romani.
877 1373 1040 1430 Bello
1067 1383 1363 1448 superatos
1391 1391 1516 1430 esse
1544 1372 1836 1428 Arvernos
1874 1381 1933 1428 et
1974 1371 2241 1428 Rutenos
2278 1370 2349 1427 ab

291 1466 375 1527 Q.
409 1465 591 1522 Fabio
620 1464 893 1535 MaximO,
923 1465 1133 1538 quibus
1172 1464 1419 1540 populus
1460 1463 1762 1521 Romanus
1806 1463 2133 1541 ignovisset,
2161 1480 2350 1537 neque

295 1557 355 1614 in
383 1556 734 1633 provinciam
763 1557 1093 1632 redegisset,
1117 1575 1304 1630 neque
1332 1555 1680 1630 stipendium
1704 1555 2083 1631 imposuisset.
2164 1552 2348 1616 Qubd

293 1649 343 1705 si
390 1649 842 1722 antiquissimum
898 1648 1164 1722 quodque
1218 1658 1443 1722 tempus
1496 1647 1739 1722 spectari
1793 1657 2097 1723 oporteret,
2151 1645 2344 1722 populi

293 1740 552 1797 Romani
590 1739 967 1816 justissimum
997 1757 1122 1796 esse
1151 1738 1211 1795 in
1238 1739 1429 1797 Gallia
1472 1738 1810 1825 imperium:
1854 1738 1901 1796 si
1936 1738 2219 1815 judicium
2263 1757 2349 1798 se-

291 1831 463 1889 natus
504 1831 792 1888 observari
841 1840 1144 1906 oporteret,
1173 1831 1413 1888 liberam
1460 1831 1670 1888 debere
1696 1848 1822 1887 esse
1862 1830 2130 1902 Galliam,
2174 1850 2348 1907 quam

293 1924 447 1980 bello
480 1923 684 1980 victam
713 1922 833 1980 suis
859 1923 1084 2000 legibus
1111 1922 1191 1979 uti
1223 1922 1529 1980 voluisset.'

372 2014 588 2072 XLVI.
647 2014 801 2071 Dum
829 2014 954 2072 haec
995 2014 1054 2072 in
1100 2014 1388 2089 colloquio
1425 2025 1722 2091 geruntur,
1750 2013 1966 2072 Caesari
2009 2014 2346 2073 nunciatum

291 2117 380 2164 est
430 2106 652 2181 equites
680 2105 951 2163 Ariovisti
982 2105 1217 2183 propius
1255 2107 1539 2164 tumulum
1584 2106 1862 2164 accedere
1905 2118 1964 2164 et
2012 2106 2078 2163 ad
2122 2117 2347 2164 nostros

294 2199 647 2274 adequitare,
695 2199 914 2275 lapides
959 2199 1188 2274 telaque
1243 2200 1301 2256 in
1356 2210 1580 2257 nostros
1629 2199 1932 2275 conjicere.
2018 2200 2212 2257 Caesar
2268 2198 2346 2256 lo-

293 2291 507 2366 quendi
539 2290 707 2348 finem
739 2290 893 2362 fecit,
922 2308 1097 2366 seque
1127 2292 1197 2347 ad
1226 2311 1360 2348 suos
1388 2291 1625 2367 recepit,
1656 2292 1887 2365 suisque
1926 2291 2241 2366 imperavit,
2271 2309 2347 2349 ne

293 2382 447 2457 quod
475 2382 711 2439 omnino
737 2382 913 2439 telum
959 2383 1018 2439 in
1064 2382 1254 2440 hostes
1302 2383 1621 2459 rejicerent.
1709 2381 1861 2439 Nam
1911 2383 2026 2464 etsix
2061 2383 2187 2440 sine
2229 2382 2348 2440 ullo

291 2474 553 2549 periculo
591 2473 834 2551 legionis
874 2474 1110 2531 delectae
1152 2493 1284 2532 cum
1328 2475 1583 2549 equitatu
1628 2474 1889 2550 proelium
1935 2473 2055 2532 fore
2097 2474 2344 2547 videbat,

268 2575 486 2623 -tamen
541 2566 1008 2623 committendum
1063 2585 1179 2623 non
1233 2567 1487 2641 putabat,
1531 2576 1613 2636 ut,
1661 2565 1841 2641 pulsis
1895 2565 2170 2638 hostibuS,
2227 2566 2346 2625 dici

289 2668 484 2733 posset
533 2676 632 2714 eos
662 2658 732 2713 ab
759 2676 820 2714 se
846 2676 945 2733 per
975 2657 1145 2715 fidem
1176 2658 1233 2713 in
1265 2658 1555 2732 colloquio
1596 2658 2032 2716 circumventos,
2120 2658 2348 2717 Postea·

294 2767 464 2824 quam
497 2748 553 2805 in
586 2748 784 2825 vulgus
813 2749 1053 2806 militum
1084 2749 1294 2807 elatum
1323 2761 1429 2820 est,
1460 2751 1571 2823 qua
1605 2750 1928 2826 arrogantia
1956 2750 2016 2808 in
2059 2751 2347 2826 colloquio

187 2853 239 2919 χ
296 2840 619 2897 Ariovistus
646 2859 782 2896 usus
809 2840 962 2897 omni
992 2841 1181 2898 Gallia
1213 2841 1496 2898 Romanis
1525 2842 1927 2912 interdixisset,
1958 2843 2345 2919 impetumque

202 2953 261 3006 χ
294 2932 353 2988 in
384 2942 606 2988 nostros
630 2932 748 3007 ejus
776 2934 996 3006 equites
1035 2932 1321 3003 fecissent,
1352 2952 1533 3008 eaque
1573 2952 1664 2991 res
1705 2934 2053 3008 colloquium
2096 2946 2159 2991 ut
2199 2935 2364 2994 dire--

292 3022 507 3093 ruisset,
541 3021 718 3079 multo
744 3023 920 3098 major
952 3024 1214 3080 alacritas
1244 3025 1612 3099 studiumque
1638 3026 1933 3101 pugnandi
1963 3025 2147 3102 majus
2188 3045 2347 3085 exer-

293 3114 413 3171 citu
445 3114 716 3189 injectum
746 3126 846 3171 est.

372 3204 620 3263 XLVII.
681 3206 869 3293 Biduo
893 3205 1023 3281 post
1066 3208 1388 3264 Ariovistus
1430 3207 1499 3263 ad
1548 3207 1837 3266 Ooesarem
1884 3209 2103 3286 legatos
2151 3210 2345 3283 mittit,

291 3304 309 3332 ‘
333 3299 478 3356 velle
506 3316 569 3354 se
596 3298 668 3355 de
696 3297 786 3354 his
813 3299 1001 3368 rebus,
1031 3318 1158 3373 quae
1190 3299 1334 3356 inter
1362 3310 1463 3356 eos
1492 3299 1582 3377 agi
1613 3311 1835 3380 coeptae,
1863 3319 2051 3375 neque
2078 3302 2347 3377 perfectae

292 3401 501 3462 essent,
535 3409 702 3466 agere
732 3409 863 3446 cum
893 3409 996 3448 eo:
1043 3388 1124 3447 uti
1156 3401 1252 3447 aut
1280 3391 1486 3448 iterum
1517 3383 1805 3466 colloquio
1844 3393 1997 3449 diem
2039 3395 2349 3453 constitue-

293 3491 414 3551 ret;
461 3493 577 3553 aut,
607 3482 654 3538 si
686 3481 742 3537 id
772 3479 964 3538 minus
991 3483 1179 3552 vellet,
1211 3501 1281 3539 ex
1322 3482 1443 3539 suis
1483 3483 1685 3559 legatis
1730 3484 1976 3559 aliquem
2021 3484 2091 3541 ad
2131 3505 2193 3543 se
2223 3488 2348 3545 mit-

293 3576 472 3631 teret!
559 3572 939 3648 Colloquendi
983 3574 1197 3631 Cae'sari
1246 3593 1422 3630 causa
1468 3574 1590 3631 visa
1634 3594 1750 3631 non
1799 3587 1904 3645 est,
1934 3585 1991 3633 et
2032 3595 2102 3634 eo
2143 3577 2346 3654 magis,

294 3664 448 3740 quod
477 3665 661 3742 pridie
703 3665 826 3752 ejus
869 3664 983 3722 diei
1031 3666 1305 3723 Germani
1351 3666 1583 3723 retineri
1632 3686 1747 3723 non
1795 3677 2078 3743 poterant,
2107 3670 2244 3743 quin
2288 3670 2347 3726 in
2411 3685 2424 3711 ··

294 3768 518 3815 nostros
566 3757 680 3814 tela
728 3757 1096 3830 conjicerent.
1182 3757 1462 3833 Legatum
1511 3777 1580 3815 ex
1624 3758 1743 3818 suis
1785 3777 1911 3816 sese
1956 3778 2167 3836 magno
2214 3778 2348 3817 cum

191 3859 263 3926 ,γ’
295 3850 553 3927 periculo
582 3849 651 3906 ad
680 3867 812 3906 eum
841 3848 1144 3905 missurum
1175 3859 1241 3906 et·
1260 3849 1589 3907 hominibus
1629 3850 2162 3925 ferisobjecturum
2206 3870 2347 3910 exrs·
2433 3857 2436 3862 '

296 3942 549 3999 timabat.
635 3939 1178 3997 Commodissimum
1227 3941 1411 3998 visum
1454 3951 1538 3998 est
1567 3941 1633 3997 C.
1679 3940 1974 4008 Valerium
2013 3941 2327 3999 Procillum
