2747 4376
350 244 427 300 ,54
999 241 1096 289 DE
1144 240 1379 290 BELLO
1427 241 1750 290 GALLICO
2051 240 2212 305 [Car.
2245 239 2412 288 7-1o

348 401 519 440 suum
565 380 759 441 minus
806 382 865 440 11
916 395 1106 442 castra
1150 398 1487 461 posuerunt,
1516 404 1644 461 quae
1693 394 1900 455 castra,
1936 394 1999 441 ut
2044 382 2207 440 sunio
2249 392 2429 457 atque

350 476 582 553 ignibus
609 477 1061 554 significabatur,
1093 478 1337 555 amplius
1366 480 1622 536 millibus
1650 496 1923 553 passuum
1952 476 2103 534 VIII
2133 477 2194 534 in
2229 477 2428 534 latitu-

347 569 541 626 dinem
569 570 859 646 patebant.

428 659 591 718 VIII.
650 661 845 718 Caesar
873 661 1057 736 primo
1089 674 1146 718 et
1173 673 1402 737 propter
1433 661 1858 718 multitudinem
1882 659 2136 717 hostium
2167 671 2227 717 et
2251 677 2425 734 prop-

347 761 432 809 ter
487 752 753 809 eximiam
810 753 1138 828 opinionem
1196 753 1420 810 virtutis
1473 753 1676 829 proelio
1741 752 2116 828 supersedere
2179 751 2420 820 statuit;

346 843 602 917 quotidie
632 857 823 900 tamen
851 846 1211 919 equestribus
1238 845 1474 920 proeliis,
1505 845 1642 919 quid
1672 844 1850 901 hostis
1879 845 2088 901 virtute
2115 853 2333 918 posset,
2363 852 2424 900 et

347 934 485 1008 quid
540 935 716 992 nostri
775 936 1069 1007 auderent,
1130 934 1687 1016 [sollicitationibus]
1753 935 2210 1011 periclitabatur.
2302 933 2421 991 Ubi

344 1038 569 1083 nostros
597 1047 711 1084 non
740 1045 866 1084 esse
897 1027 1193 1093 inferiores
1232 1027 1530 1099 intellexit,
1571 1028 1704 1084 loco
1729 1047 1835 1104 pro
1875 1027 2081 1084 castris
2111 1026 2196 1083 ad.
2228 1025 2421 1083 aciem

349 1117 741 1176 instruendam
774 1121 976 1176 natura
1004 1131 1326 1195 opportuno
1356 1131 1526 1193 atque
1556 1119 1783 1190 idonee,
1816 1117 2000 1195 (quod
2025 1119 2074 1175 is
2096 1118 2285 1189 collis,
2317 1117 2422 1174 ubi

344 1222 533 1267 castra
559 1211 744 1285 posita
770 1224 953 1282 erant,
982 1209 1277 1287 paululum
1318 1230 1389 1268 ex
1430 1210 1668 1287 planitie
1709 1211 1918 1282 editus,
1947 1221 2174 1268 tantum
2220 1210 2422 1267 adver-

343 1299 442 1359 sus
472 1303 530 1358 in
557 1302 919 1360 latitudinem
950 1304 1201 1379 patebat,
1231 1314 1509 1377 quantum
1551 1303 1667 1360 loci
1715 1303 1871 1360 acies
1915 1303 2202 1360 instructa
2238 1321 2421 1359 occu-

342 1411 480 1468 pare
509 1406 747 1469 poterat,
779 1407 947 1469 atque
975 1413 1045 1451 ex
1074 1395 1315 1468 utraque
1344 1406 1503 1469 parte
1533 1395 1727 1451 lateris
1755 1394 2018 1470 dejectus
2052 1394 2328 1464 habebat,
2359 1404 2421 1452 et

207 1512 222 1528 r
245 1484 588 1567 v'xfroptem
636 1487 837 1543 leniter
887 1486 1183 1562 fastigatus
1230 1485 1504 1561 paulatim
1556 1486 1623 1542 ad
1674 1486 1973 1562 planitiem
2022 1486 2302 1564 redibat)
2343 1486 2419 1542 ab

344 1581 584 1651 utroq'ue
624 1579 802 1635 latere
844 1578 969 1653 ejus
1009 1577 1173 1652 collis
1215 1590 1592 1635 transversam
1638 1578 1847 1635 fossam
1891 1578 2135 1634 obduxit
2176 1577 2419 1635 circiter

341 1686 612 1743 passuum
654 1669 785 1739 CD,
815 1680 873 1726 et
921 1669 992 1726 ad
1037 1680 1318 1726 extremas
1362 1670 1541 1727 fossas
1583 1669 1821 1727 castella
1859 1670 2183 1741 constituit,
2215 1670 2419 1745 ibique

295 1788 306 1801 =
342 1771 626 1817 tormenta
667 1760 988 1832 collocavit,
1018 1780 1111 1832 ne,
1148 1779 1325 1835 quum
1369 1761 1553 1818 aciem
1598 1761 1977 1841 instrpxisset,
2009 1762 2226 1833 hostes,
2256 1761 2418 1837 quod

340 1862 562 1908 tantum
607 1852 974 1910 multitudine
1012 1863 1294 1928 poterant,
1325 1852 1397 1909 ab
1438 1852 1711 1910 lateribus
1753 1863 2078 1929 pugnantes
2121 1871 2261 1909 suos
2307 1850 2417 1908 cir·

342 1942 673 2000 cumvenire
708 1954 954 2019 possent.
1041 1943 1174 2001 Hoc
1215 1942 1388 2014 sact0,
1417 1944 1657 2001 duabus
1680 1944 2029 2021 legionibus,
2060 1962 2208 2018 quas
2248 1961 2419 2019 prox·

341 2032 457 2091 ime
487 2046 925 2110 conscripserat,
957 2035 1016 2093 in
1044 2035 1246 2092 castris
1269 2035 1510 2106 relictis,
1541 2046 1623 2111 ut,
1653 2035 1701 2092 si
1731 2034 1846 2110 qua
1887 2054 2035 2111 opus
2075 2046 2250 2107 esset,
2282 2036 2419 2092 sub-

340 2124 490 2183 sidio
537 2126 673 2184 duci
722 2138 971 2203 possent,
1021 2126 1269 2201 reliquas
1311 2145 1412 2183 sex
1459 2127 1715 2204 legiones
1763 2145 1866 2203 pro
1908 2127 2117 2184 castris
2172 2127 2234 2184 in
2285 2126 2417 2185 acie

341 2218 654 2277 constituit.
741 2218 953 2277 Hostes
1007 2219 1144 2276 item
1197 2237 1330 2275 suas
1387 2219 1582 2294 copias
1641 2237 1711 2276 ex
1767 2219 1971 2276 castris
2025 2219 2273 2277 eductas
2330 2219 2419 2277 in·

339 2323 676 2369 struxerant.

419 2402 515 2461 IX.
579 2402 749 2460 Palus
776 2414 897 2460 erat
923 2422 1036 2460 non
1071 2421 1276 2477 magna
1306 2401 1452 2459 inter
1481 2413 1738 2459 nostrum
1770 2413 1941 2476 atque
1972 2402 2226 2460 hostium
2250 2422 2418 2461 exer-

343 2493 536 2552 eitum.
625 2494 795 2552 Hanc
824 2495 870 2552 si
916 2494 1090 2551 nostri
1141 2495 1466 2563 transirent,
1498 2494 1687 2550 hostes
1728 2496 2181 2570 exspectabant:
2226 2495 2415 2555 nostri

349 2598 550 2655 tutem,
580 2587 625 2643 si
660 2588 730 2644 ab
762 2586 872 2644 illis
900 2586 1123 2643 initium
1161 2584 1491 2642 transeundi
1523 2585 1700 2654 fieret,
1733 2596 1793 2641 ut
1825 2586 2136 2661 impeditos
2167 2588 2417 2666 aggred·

339 2689 587 2747 erentur,
630 2679 806 2753 parati
854 2678 909 2734 in
959 2681 1129 2734 aruns
1169 2691 1346 2733 erant.
1436 2676 1667 2733 Interim
1711 2677 1914 2752 proelio
1955 2678 2211 2752 equestri
2258 2680 2415 2739 inter

337 2769 479 2826 duas
528 2770 681 2826 acies
727 2769 1193 2826 contendebatur.
1241 2767 1391 2845 nUbi
1435 2768 1618 2825 neutri
1669 2768 2001 2824 transeundi
2052 2770 2301 2828 initium-
2335 2773 2416 2830 sa-

337 2860 519 2930 ciunt,
548 2861 889 2917 secundiore
916 2860 1171 2934 equitum
1201 2859 1403 2933 proelio
1431 2854 1657 2929 nostris,
1687 2857 1883 2914 Caesar
1926 2877 2065 2916 suos
2110 2859 2170 2917 in
2215 2876 2411 2921 castra

337 2950 575 3009 reduxit.
669 2951 876 3009 Hostes
902 2951 1163 3027 protinus
1189 2968 1258 3008 ex
1295 2968 1367 3008 eo
1408 2950 1539 3007 loco
1580 2950 1650 3006 ad
1693 2947 1906 3006 flumen
1949 2949 2226 3010 Axonam
2271 2973 2416 3028 con:-

335 3043 662 3113 tenderunt,
692 3044 844 3117 quod
872 3061 997 3100 esse
1024 3053 1150 3118 post
1177 3053 1370 3098 nostra
1396 3052 1583 3099 castra
1623 3041 2078 3099 demonstratum
2121 3056 2227 3102 est.
2316 3045 2412 3105 Ibi

338 3134 495 3191 vadis
550 3135 814 3209 repertis,
861 3145 1078 3211 partem
1132 3152 1365 3190 suarum
1420 3133 1715 3207 copiarum
1771 3133 2150 3191 transducere
2207 3139 2412 3196 conati

336 3237 468 3282 sunt
495 3245 565 3283 eo
593 3226 855 3296 consilio,
886 3238 967 3296 ut,
997 3225 1045 3281 si
1073 3235 1324 3300 possent,
1354 3225 1673 3294 castellum,
1703 3223 1799 3280 cui
1828 3236 2072 3300 praeerat
2097 3225 2182 3287 Q.
2233 3227 2411 3286 Titu-

336 3316 454 3373 rius
482 3317 723 3393 legatuS,
754 3328 1167 3393 expugnarent,
1190 3328 1537 3391 pontemque
1569 3315 2083 3387 interscinderent;
2127 3317 2179 3375 si
2208 3317 2412 3379 minus

333 3408 669 3485 potuissent,
702 3428 866 3483 agros
894 3408 1212 3466 Remorum
1242 3408 1669 3483 popularentur,
1698 3405 1796 3480 qui
1827 3425 2041 3482 magno
2070 3408 2242 3470 nobis
2272 3413 2408 3471 usui

223 3515 240 3557 >
336 3499 406 3557 ad
435 3500 647 3557 bellum
676 3500 991 3576 gerendum
1019 3511 1201 3569 erant,
1230 3509 1670 3572 commeatuque
1698 3509 1925 3555 nostros
1951 3498 2350 3575 prohiberent.

413 3591 489 3649 X.
547 3591 761 3661 Caesar,
787 3591 993 3648 certior
1027 3590 1210 3649 factus
1241 3591 1310 3647 ab
1338 3589 1592 3659 Tituri0‚
1617 3608 1849 3646 omnem
1874 3575 2200 3664 equitatum
2234 3604 2296 3652 et
2328 3594 2409 3653 le·-

334 3684 418 3741 vis
448 3696 745 3741 armaturae
776 3682 1079 3753 Numidae,
1111 3680 1427 3740 funditores
1467 3679 1905 3756 sagittariosque
1947 3694 2188 3758 pontem
2218 3696 2411 3745 trans-

237 3778 242 3782 ’
332 3775 515 3844 ducit,
547 3785 715 3849 atque
745 3775 815 3831 ad
862 3794 961 3832 eos
1009 3773 1320 3832 contendit.
1409 3773 1638 3830 Acriter
1684 3772 1742 3829 in
1787 3791 1860 3830 eo
1899 3773 2036 3831 loco
2075 3767 2407 3852 pugnatum

333 3878 433 3923 est.
521 3865 732 3923 Hostes
789 3866 1087 3939 impeditos
1143 3864 1317 3921 nostri
1377 3864 1434 3921 in
1492 3862 1727 3921 flumine
1786 3866 2061 3941 aggressi,
2122 3886 2405 3944 magnum

2394 4039 2440 4081 e.
