2747 4376
383 292 463 349 58
1040 289 1136 338 DE
1182 287 1416 337 senno
1463 287 1783 337 GALLICO
2111 286 2274 353 [eu.
2307 287 2458 338 3—6.

303 468 307 473 -
387 432 696 510 vectigales
748 431 860 489 sibi
908 431 1189 503 fecerunt,
1239 449 1308 488 ac
1360 431 1546 488 multo
1598 429 1933 488 humiliores
1987 429 2457 505 infirmioresque

231 521 245 529 '
384 524 746 602 redegerunt.

464 615 566 673 IV.
622 614 693 672 In
736 613 941 673 eadem
983 615 1161 671 causa
1202 614 1436 672 fuerunt
1481 613 1749 689 Usipetes
1794 624 1853 670 et
1892 610 2277 683 Tenchtheri,
2306 631 2456 687 quos

384 705 558 781 supra
606 706 874 778 diximus,
905 706 1003 780 qui
1047 706 1373 782 complures
1419 725 1601 762 annos
1648 705 1970 762 Suevorum
2009 703 2125 762 vim
2165 703 2454 761 sustinue-

385 808 555 869 runt3
601 797 672 856 ad
713 809 1029 856 extremum
1066 807 1280 869 tamen,
1313 797 1465 874 agris
1507 795 1749 872 expulsi,
1778 805 1837 854 et
1878 795 2077 853 multis
2118 795 2450 853 Germanias

387 889 531 947 locis
556 888 866 948 triennium
896 889 1105 966 vagati,
1137 889 1207 946 ad
1244 888 1522 946 Rhenum
1550 898 1967 963 pervenerunt:
2012 906 2155 962 quas
2182 886 2471 965 regiones·

388 979 646 1057 Menapii
675 980 1023 1051 incolebant,
1053 991 1111 1038 et
1139 980 1210 1037 ad
1239 990 1543 1055 utramque
1574 979 1759 1055 ripam
1801 978 2056 1037 fluminis
2098 997 2287 1056 agros,
2316 978 2449 1036 aedi-

386 1070 521 1129 ficia
546 1072 816 1147 vicosque
843 1071 1165 1141 habebant3
1209 1070 1312 1129 sed
1338 1082 1512 1128 tantae
1542 1069 1926 1127 multitudinis
1954 1070 2111 1127 aditu
2139 1070 2446 1146 perterriti,

387 1181 459 1220 ex
499 1162 589 1220 his
635 1162 915 1234 aedificiis,
959 1182 1085 1238 quae
1129 1173 1288 1219 trans
1330 1162 1547 1220 flumen
1589 1161 1926 1233 habuerant,
1954 1161 2444 1239 demigraverant;

387 1263 465 1325 et,
494 1254 580 1311 cis
607 1254 882 1312 Rhenum
911 1253 1201 1329 dispositis
1226 1253 1529 1329 praesidiis,
1557 1253 1879 1310 Germanos
1904 1253 2148 1311 transire
2182 1253 2449 1330 prohibe-

388 1346 541 1403 bant.
623 1344 737 1418 Illi,
765 1344 960 1403 omnia
1002 1345 1259 1421 experti„
1274 1364 1451 1420 quum
1495 1362 1684 1418 neque
1731 1344 1787 1400 vi
1830 1343 2180 1402 contendere
2216 1355 2446 1421 propter

354 1434 641 1513 -ino'piam
668 1436 920 1508 navium,
952 1455 1140 1511 neque
1167 1435 1319 1495 clam
1355 1435 1600 1493 transire
1634 1446 1865 1512 propter
1909 1435 2202 1493 custodias
2247 1434 2448 1494 Mena-

385 1527 614 1605 piorum
639 1539 892 1603 possent,
920 1528 1126 1585 reverti
1169 1545 1232 1585 se
1271 1527 1331 1584 in
1360 1545 1495 1584 suas
1534 1526 1700 1584 sedes
1739 1525 2120 1604 regionesque
2148 1527 2450 1585 simulave-

389 1630 558 1690 runt3
601 1629 660 1678 et
685 1618 860 1677 tridui
904 1619 1053 1676 viam
1093 1618 1400 1695 progressi,
1429 1636 1625 1675 rursus
1665 1628 2038 1688 reverterunt,
2069 1629 2261 1692 atque,
2288 1619 2446 1679 omni

302 1732 361 1797 7&
391 1712 501 1770 hoc
529 1711 735 1769 itinere
762 1710 878 1767 una
907 1721 1079 1767 nocte
1106 1709 1366 1784 equitatu
1394 1708 1681 1780 confect0,
1711 1709 1926 1767 inscios
1966 1708 2447 1784 inopinantesque

390 1801 695 1878 Menapios
721 1798 1144 1878 oppresserunt,
1176 1801 1295 1876 qui,
1325 1800 1400 1857 de
1443 1800 1864 1857 Germanorum
1911 1800 2170 1858 discessu
2210 1818 2315 1877 per
2355 1819 2449 1859 ex-

389 1894 702 1970 ploratores
753 1892 1027 1951 certiores
1075 1892 1233 1964 facti,
1277 1891 1404 1949 sine
1457 1900 1615 1949 metu
1656 1902 1814 1949 trans
1865 1890 2143 1951 Rhenum
2196 1891 2260 1949 in
2313 1911 2448 1950 suos

390 1986 549 2042 vicos
575 1984 1036 2061 remigraverant.
1120 1983 1233 2041 His
1274 1982 1612 2053 intersectiS,
1640 1982 1996 2058 navibusque
2035 2000 2236 2041 eorum
2275 2002 2448 2041 occu-

388 2075 556 2151 patis,
609 2075 944 2152 priusquam
996 2092 1066 2133 ea
1117 2093 1248 2151 pars
1303 2073 1729 2149 Menapiorum,
1784 2092 1912 2148 quae
1967 2074 2115 2133 citra
2166 2073 2443 2133 Rhenum

390 2166 585 2242 quieta
632 2166 692 2225 in
739 2166 859 2225 suis
904 2166 1138 2226 sedibus
1176 2176 1318 2237 erat,
1357 2165 1569 2224 certior
1608 2164 1791 2237 fieret,
1820 2164 2034 2225 flumen
2074 2165 2443 2237 transierunt,

295 2298 300 2304 ·
392 2270 563 2334 atque
614 2259 882 2317 omnibus
949 2277 1149 2316 eorum
1200 2257 1461 2315 aedificiis
1514 2257 1836 2333 occupatis,
1891 2257 2170 2332 reliquam
2222 2268 2444 2334 partem

390 2350 598 2409 hiemis
638 2369 700 2409 se
740 2369 939 2409 eorum
981 2350 1164 2427 copiis
1205 2350 1486 2407 aluerunt.

390 2434 399 2441 ’
470 2443 542 2501 V.
599 2442 713 2501 His
738 2442 811 2501 de
838 2443 1011 2500 rebus
1037 2441 1232 2500 Caesar
1281 2440 1495 2498 certior
1546 2439 1752 2511 factus,
1781 2450 1840 2498 et
1881 2439 2271 2498 infirmitatem
2310 2439 2446 2497 Gal-

388 2534 575 2592 lorum
604 2535 836 2606 veritus‚
865 2532 1022 2609 quod
1050 2544 1184 2590 sunt
1212 2531 1271 2589 in
1300 2531 1559 2589 consiliis
1586 2530 1885 2607 capiendis
1910 2530 2171 2602 mobiles,
2198 2541 2258 2590 et
2283 2532 2446 2589 novis

389 2627 729 2703 plerumque
755 2627 926 2685 rebus
965 2626 1215 2697 student,
1246 2624 1390 2682 nihil
1436 2625 1524 2682 his
1566 2624 2040 2683 committendum
2084 2624 2441 2682 existimavit.

391 2718 498 2776 Est
525 2731 714 2777 autem
742 2718 855 2775 hoc
881 2717 1122 2775 Gallicae
1158 2717 1614 2787 consuetudinis,
1643 2714 1726 2775 uti
1769 2727 1828 2774 et
1866 2715 2130 2788 viatores,
2160 2716 2332 2774 etiam
2364 2717 2445 2773 in·

391 2811 555 2880 vitos,
585 2809 898 2867 consistere
925 2818 1167 2885 cogant3
1209 2818 1287 2880 et,
1317 2809 1471 2883 quod
1500 2808 1743 2884 quisque
1771 2825 1971 2865 eorum
2012 2807 2085 2865 de
2126 2808 2358 2883 quaque
2384 2828 2444 2866 re

394 2902 638 2960 audierit
691 2913 789 2959 aut
841 2900 1196 2978 cognoverit,
1252 2910 1529 2974 quaerant,
1585 2909 1643 2957 et
1694 2908 2042 2957 mercatores
2095 2898 2157 2956 in
2225 2900 2444 2976 oppidis

296 3031 317 3074 -χ
391 2993 596 3070 vulgus
636 2992 1040 3062 circumsistat,
1064 2990 1388 3066 quibusque
1428 3009 1498 3048 ex
1539 2989 1871 3067 regionibus
1910 2991 2162 3063 veniant,
2191 2981 2542 3074 quasque><

392 3084 472 3141 ibi
503 3102 593 3141 res
621 3083 1014 3161 cognoverint,
1043 3082 1428 3158 pronunciare
1457 3092 1704 3157 cogant·
1767 3080 1881 3139 His
1908 3082 2234 3139 rumoribus
2277 3092 2442 3157 atque

394 3173 782 3233 auditionibus
826 3173 1090 3249 permoti,
1139 3174 1213 3231 de
1259 3171 1499 3229 summis
1540 3189 1692 3247 saepe
1731 3172 1901 3229 rebus
1942 3172 2185 3230 consilia
2224 3172 2441 3244 ineunt,

393 3257 636 3342 quorum
677 3284 777 3324 eos
820 3283 853 3323 e
906 3265 1150 3341 vestigio
1198 3262 1479 3339 poenitere
1531 3280 1770 3320 necesse
1823 3273 1930 3334 est,
1981 3280 2156 3337 quum
2209 3262 2442 3322 incertis

392 3357 717 3417 rumoribus
769 3355 1038 3427 serviant,
1093 3366 1151 3413 et
1196 3353 1461 3431 plerique
1519 3354 1589 3411 ad
1642 3354 1993 3412 voluntatem
2047 3371 2247 3412 eorum
2305 3351 2442 3414 'ficta

392 3448 789 3524 respondeant.

471 3539 591 3598 VI..
627 3540 771 3600 Qua
823 3538 1241 3597 consuetudine
1294 3536 1551 3613 cognita,
1607 3535 1823 3607 Caesar,
1879 3553 1954 3593 ne
2008 3536 2255 3613 graviori
2297 3536 2442 3593 bello

392 3640 740 3708 occurreret,
770 3627 1070 3701 maturius,
1099 3628 1272 3705 quam
1304 3627 1635 3699 consuerat,
1667 3627 1737 3684 ad
1779 3626 2097 3685 exercitum
2137 3627 2442 3704 proficisci-

394 3740 503 3781 tur.
585 3721 675 3780 Εὸ
704 3741 881 3797 quum
907 3721 1173 3793 venisset,
1202 3740 1291 3791 ea,
1320 3740 1448 3795 quae
1477 3719 1598 3777 fore
1618 3718 1943 3795 suspicatus
1971 3730 2112 3789 erat,
2137 3718 2289 3776 facta
2316 3739 2440 3795 cog-

394 3814 570 3886 novit,
599 3813 802 3871 missas
847 3812 1163 3889 legationes
1207 3812 1277 3868 ab
1323 3810 1617 3868 nonnullis
1645 3809 1973 3867 civitatibus
2008 3810 2079 3867 ad
2106 3809 2437 3879 Germanos„

292 3918 324 3972 ,’
396 3905 776 3980 invitatosque
818 3922 937 3975 eos,
987 3901 1070 3962 uti
1122 3903 1194 3959 ab
1239 3902 1456 3959 Rheno
1496 3900 1895 3969 discederent;
1950 3900 2276 3988 omniaque,
2322 3920 2436 3971 qua!
