2747 4376
364 276 506 326 cn».
537 276 766 340 εει-πᾶ]
1105 276 1322 326 mssa
1362 238 1697 335 Qum-rus.
2354 280 2426 341 81

366 418 549 477 brivae
574 430 834 496 peracto,
863 417 1022 495 quod
1051 437 1122 478 eo
1149 437 1302 477 anno
1327 419 1677 477 frumentum
1707 418 1768 477 in
1794 419 1986 478 Gallia
2011 431 2242 498 propter
2269 421 2415 482 sicci

369 521 523 569 tates
570 510 869 589 angustius
907 522 1267 587 provenerat,
1310 522 1548 569 coactus
1594 521 1681 569 est
1725 511 1886 569 aliter
1931 531 1999 570 ac
2046 514 2435 588 superioribus

370 603 543 660 annis
589 604 906 661 exercitum
954 603 1014 660 in
1057 603 1312 661 hibernis
1361 603 1667 675 collocare,
1721 603 2091 681 legionesque
2138 604 2198 662 in
2240 606 2434 681 plures

370 696 638 754 civitates
680 695 1060 753 distribuere:
1102 712 1172 752 ex
1219 695 1431 770 quibus
1473 713 1646 752 unam
1696 695 1757 754 in
1804 694 2066 754 Morinos
2104 696 2433 777 ducendam

370 786 440 845 C.
474 786 661 845 Fabio
686 787 878 864 legato
902 786 1094 858 dedit;
1139 785 1375 843 alteram
1397 787 1457 844 in
1483 785 1733 853 Nervios
1748 781 1831 849 Q‘..
1856 787 2161 859 Ciceroni;
2203 789 2432 847 tertiam

370 879 432 936 in
462 878 682 936 Essuos
725 879 790 936 L.
820 877 1080 949 Rosci03
1124 887 1385 952 quartam
1429 878 1489 935 in
1532 877 1739 936 Remis
1785 896 1919 936 cum
1961 879 2038 937 T.
2068 879 2329 938 Labieno
2369 880 2431 938 in

343 970 628 1028 ·confinio
653 970 1027 1027 Trevirorum
1069 969 1322 1027 hiemare
1355 968 1557 1045 jussit3
1601 979 1717 1027 tres
1757 970 1817 1028 in
1854 971 2061 1048 Belgio
2087 972 2390 1031 collocavit
2405 980 2427 1032 'z

266 1062 273 1069 '
368 1062 463 1120 his
507 1060 590 1120 M.
637 1062 911 1120 Crassum
957 1071 1317 1137 quaestorem,
1344 1073 1404 1119 et
1449 1060 1515 1119 L.
1555 1060 1885 1121 Munatium
1931 1062 2212 1122 Plancum
2258 1065 2426 1125 et.C.

367 1152 739 1213 Trebonium
776 1154 997 1232 legatos
1035 1152 1311 1229 praefecit.
1393 1152 1584 1212 Unam
1621 1153 1931 1232 legionem,
1960 1174 2132 1230 quam
2169 1154 2427 1233 proxime

368 1256 534 1303 trans
569 1246 792 1304 Padum
831 1245 1270 1321 conscripserat,
1298 1255 1356 1303 et
1399 1244 1665 1303 cohortes
1706 1246 1961 1321 quinque
2001 1247 2063 1304 in
2106 1246 2427 1321 Eburones,

369 1356 618 1413 quorum
659 1357 791 1414 pars
837 1337 1086 1395 maxima
1126 1347 1214 1394 est
1255 1336 1405 1394 inter
1453 1334 1681 1394 Mosam
1730 1355 1800 1394 ac
1840 1337 2138 1410 Rhenum,
2179 1339 2278 1414 qui
2320 1340 2429 1398 sub

370 1429 617 1505 imperio
643 1429 999 1505 Ambiorigis
1026 1439 1085 1486 et
1110 1428 1398 1486 Cativolci
1424 1437 1607 1500 erant,
1636 1429 1808 1486 misit.
1892 1428 2005 1488 His
2044 1429 2321 1489 militibus
2343 1430 2426 1494 Q.

368 1520 672 1579 Titurium
698 1520 979 1578 Sabinum
1006 1529 1065 1578 et
1092 1519 1160 1578 L.
1190 1520 1655 1578 Aurunculeium
1683 1520 1914 1578 Cottam
1940 1521 2160 1598 legatos
2184 1539 2429 1599 praeesse

361 1613 552 1689 jussit.
636 1611 733 1670 Ad
760 1611 918 1693 bunc
944 1611 1179 1669 modum
1205 1611 1525 1670 distributis
1551 1611 1893 1689 legionibus,
1917 1611 2190 1672 facillime
2220 1613 2427 1690 inopiae

371 1705 757 1762 frumentariae
785 1721 912 1762 sese
937 1703 1155 1762 mederi
1181 1722 1351 1780 posse
1379 1703 1754 1774 existimavit3
1799 1715 1968 1780 atque
2004 1705 2207 1763 harum
2234 1715 2425 1765 tamen

369 1796 631 1854 omnium
675 1795 972 1872 legionum
1018 1795 1261 1854 hiberna
1304 1794 1537 1872 (praeter
1584 1813 1731 1868 eam,
1773 1814 1945 1871 quam
1992 1796 2058 1854 L.
2102 1797 2326 1855 Roscio
2366 1798 2426 1857 in

369 1887 797 1964 pacatissimam
825 1896 884 1945 et
908 1886 1322 1962 quietissimam
1346 1897 1566 1962 partem
1603 1887 1927 1945 ducendam
1967 1888 2229 1970 dederat)
2261 1889 2428 1948 milli-

370 1980 478 2038 bus
529 1998 800 2055 passuum
854 1990 1087 2037 centum
1128 1979 1586 2036 continebantur.
1668 1977 1800 2051 Ipse
1840 1979 2077 2052 interea,
2120 1982 2307 2056 quoad
2351 1981 2428 2039 le-

368 2071 570 2148 giones
622 2071 951 2142 collocatas,
1007 2070 1341 2147 munitaque
1395 2070 1638 2128 hiberna
1685 2081 2068 2148 cognovisset,
2110 2072 2173 2130 in
2229 2072 2427 2132 Gallia

370 2164 580 2223 morari
623 2162 935 2222 constituit.

450 2256 647 2314 XXV.
703 2256 844 2313 Erat
897 2255 958 2312 in
1004 2254 1358 2313 Carnutibus
1405 2272 1631 2312 summo
1681 2253 1815 2312 loco
1865 2264 2037 2312 natus
2089 2253 2425 2333 Tasgetius,

372 2347 539 2424 cujus
565 2347 809 2424 majores
835 2347 896 2404 in
923 2346 1028 2406 sua
1057 2345 1288 2404 civitate
1307 2364 1551 2423 reguum
1576 2344 1959 2404 obtinuerant.
2028 2345 2190 2404 Huic
2209 2345 2426 2419 Caesar,

371 2457 478 2515 pro
520 2439 645 2515 ejus
687 2440 896 2496 virtute
944 2449 1115 2513 atque
1158 2457 1219 2495 ιιι
1262 2456 1326 2495 se
1372 2437 1794 2509 benevolentia,
1839 2435 1997 2512 quod
2047 2435 2110 2494 in
2161 2437 2428 2496 omnibus

373 2530 538 2591 bellis
565 2531 840 2609 singulari
867 2530 990 2607 ejus
1017 2530 1192 2606 opera
1221 2530 1591 2600 suerat-usus,
1620 2528 1900 2605 majorum
1935 2528 2129 2585 locum
2169 2529 2430 2587 restitue-

373 2635 474 2681 rat.
557 2623 824 2682 Tertium
859 2622 978 2699 jam
1005 2621 1164 2679 hunc
1191 2640 1405 2678 annum
1434 2631 1769 2698 regnantem
1797 2620 2019 2679 inimici
2045 2619 2256 2695 palam,
2285 2621 2428 2680 mul-

373 2716 447 2774 tis
473 2715 646 2790 etiam
675 2734 747 2773 ex
774 2715 1005 2772 civitate
1033 2713 1384 2783 auctoribus,
1416 2712 1844 2771 interfecerunt.
1926 2712 2199 2771 Defertur
2226 2732 2296 2771 ea
2335 2733 2427 2773 res

375 2808 446 2865 ad
473 2808 780 2866 Caesarem.
861 2805 969 2863 Ille
995 2805 1227 2876 veritus,
1257 2803 1415 2879 quod
1446 2806 1516 2862 ad
1542 2805 1735 2881 plures
1759 2804 2099 2881 pertinebat,
2122 2824 2198 2863 ne
2225 2806 2427 2865 civitas

373 2918 572 2958 eorum
619 2899 862 2975 impulsu
909 2898 1200 2968 deficeret,
1243 2896 1310 2954 L.
1341 2897 1622 2954 Plancum
1662 2915 1796 2955 cum
1836 2897 2065 2973 legione
2091 2916 2176 2955 *ex
2222 2898 2428 2976 Belgio
2531 2969 2538 2975 ,

374 2991 678 3050 celeriter
662 3010 724 3056 ιιι
736 2990 1039 3047 Carnutes
1064 2989 1353 3065 proficisci
1375 2989 1557 3064 jubet,
1588 2989 1784 3063 ibique
1825 2988 2116 3058 hiemare3
2161 3008 2429 3064 quorum-

374 3102 485 3159 que
510 3083 685 3158 opera
713 3081 1047 3158 cognoverit
1068 3073 1415 3158 Tasgetium
1443 3080 1829 3150 interfectum,
1851 3080 1956 3137 hos
1985 3081 2427 3156 comprehensos

376 3176 447 3233 ad
493 3193 556 3234 se
608 3175 852 3232 mittere.
935 3172 1175 3231 Interim
1231 3174 1303 3229 ab
1347 3169 1616 3229 omnibus
1657 3171 1861 3248 legatis
1913 3171 2424 3274 quaestoribusquc.

375 3267 582 3342 quibus
607 3266 865 3342 legiones
891 3263 1290 3335 transdiderat,
1320 3263 1532 3321 certior
1572 3262 1760 3320 factus
1800 3273 1905 3334 est,
1933 3262 1995 3320 in
2035 3263 2278 3322 hiberna
2301 3282 2407 3339 pet

372 3368 622 3428 ventum,
649 3357 958 3430 locumque
984 3355 1237 3413 hibernis
1265 3373 1392 3413 esse
1418 3354 1718 3412 munitum.

450 3448 680 3516 XXVI,
736 3448 960 3505 Diebus
987 3447 1217 3504 circiter
1244 3446 1384 3517 XV,
1414 3446 1623 3520 quibus
1664 3446 1722 3504 in
1765 3446 2004 3504 hiberna
2042 3456 2276 3504 ventum
2318 3456 2424 3518 est,

372 3542 601 3600 initium
627 3538 912 3615 repentini
940 3538 1219 3597 tumultus
1249 3556 1318 3594 ac
1345 3537 1686 3596 defectionis
1719 3549 1907 3595 ortum
1940 3549 2026 3596 est
2056 3539 2127 3596 ab
2158 3537 2427 3595 Ambior-

373 3634 465 3710 ige
493 3643 550 3690 et
578 3625 910 3689 Cativolco:
952 3630 1051 3705 qui
1080 3648 1256 3704 quum
1280 3629 1349 3686 ad
1377 3629 1521 3686 fines
1547 3629 1710 3706 regni
1738 3630 1827 3687 sui
1870 3630 2090 3687 Sabino
2124 3628 2427 3703 Cottaeque

368 3735 578 3801 praesto
630 3723 892 3793 fuissent,
956 3722 1422 3794 frumentumque
1488 3721 1550 3778 in
1604 3720 1846 3778 hiberna
1897 3720 2424 3795 comportavissent,

372 3813 750 3876 Indutiomari
792 3814 1023 3872 Treviri
1066 3812 1297 3871 nunciis
1340 3812 1589 3888 impulsi,
1627 3832 1762 3871 suos
1803 3812 2256 3882 concitaverunt,
2297 3811 2429 3870 sub-

372 3908 569 3984 itoque
595 3907 881 3983 oppressis
906 3904 1305 3982 lignatoribus,
1333 3904 1545 3981 magna
1591 3922 1765 3961 manu
1807 3913 1996 3961 castra
2033 3912 2427 3980 oppugnatum
