2747 4376
351 315 488 361 cst.
521 313 746 375 ’.η-30]
1114 313 1328 361 Lissa
1373 315 1659 363 famus
2349 321 2421 379 η

354 457 691 532 appellatur,
736 457 854 514 sive
899 456 1106 513 timore
1151 457 1459 533 perterriti,
1502 477 1596 529 ne,
1638 460 1809 516 armis
1851 460 2095 532 traditis,
2136 459 2422 537 supplicio

356 549 739 618 afficerentur,
769 549 889 606 sive
916 567 1018 624 spe
1046 550 1244 606 salutis
1272 550 1517 621 inducti,
1547 550 1722 626 quod,
1752 550 1811 608 in
1853 563 2012 610 tanta
2052 552 2420 612 multitudine

355 640 761 697 dediticiorum
803 659 967 697 suam
1015 640 1208 717 fugam
1257 653 1356 699 aut
1396 642 1696 715 occultari,
1743 655 1840 700 aut
1881 644 2119 702 omnino
2167 645 2417 722 ignorari

354 750 523 807 posse
551 731 964 802 existimarent,
992 732 1178 807 prima
1205 746 1379 790 nocte
1405 751 1477 790 ex
1504 734 1706 792 castris
1747 734 2145 793 Helvetiorum
2180 738 2416 814 egressi,
2465 756 2513 819 f
2544 712 2659 785 »³53

358 823 429 879 ad
459 823 737 880 Rhenum
766 823 1024 898 finesque
1050 824 1470 881 Germanorum
1500 826 1937 884 contenderunt.
2502 818 2557 867 θ’
2590 824 2623 881 ἑ

434 912 728 972 XXVIII.
784 914 968 976 Quod
996 915 1094 971 ubi
1124 915 1319 972 Caesar
1356 917 1574 988 resciit,
1603 936 1846 992 quorum
1885 937 1987 994 per
2026 917 2170 976 fines
2210 919 2415 991 ierant,

356 1005 466 1077 his,
496 1005 580 1063 uti
610 1006 1036 1082 conquirerent,
1067 1018 1123 1064 et
1151 1008 1516 1080 re'ducerent,
1546 1009 1594 1065 si
1624 1009 1734 1066 sibi
1761 1004 1987 1086 purgati
2017 997 2144 1068 esse
2186 1011 2414 1082 vellent,

355 1097 689 1174 imperavit,
732 1098 1003 1156 reductos
1030 1098 1089 1155 in
1118 1099 1368 1156 hostium
1390 1119 1632 1158 numero
1653 1101 1880 1173 habuit3
1926 1102 2174 1178 reliquos
2193 1122 2415 1174 omnes,

355 1191 674 1262 obsidibus,
706 1191 897 1261 armis,
925 1190 1181 1267 perfugis
1207 1192 1451 1263 traditiS,
1482 1193 1541 1249 in
1571 1193 1920 1251 deditionem
1951 1181 2192 1270 accepit.
2278 1193 2417 1252 Hel-

355 1283 558 1353 vetiOS,
585 1281 896 1358 Tulingos‚
925 1282 1266 1360 Latobrigos
1314 1282 1373 1339 in
1415 1283 1558 1341 fines
1584 1303 1739 1356 suos,
1768 1285 1922 1343 unde
1950 1296 2112 1342 erant
2151 1286 2415 1361 profecti,

354 1375 565 1432 reverti
601 1374 802 1449 jussit3
846 1385 922 1445 et,
965 1373 1140 1449 quod,
1170 1375 1440 1432 omnibus
1480 1375 1762 1434 fructibus
1805 1376 2046 1448 amissi8‚
2076 1377 2231 1434 domi
2274 1377 2415 1435 nihil

355 1477 500 1537 erat,
530 1485 646 1541 quo
674 1465 882 1523 famem
908 1466 1236 1538 tolerarent,
1266 1466 1682 1543 Allobrogibus
1724 1467 2042 1543 imperavit,
2071 1480 2135 1525 ut
2175 1468 2265 1525 his
2305 1468 2417 1525 sru-

355 1558 537 1616 menti
579 1558 805 1633 copiam
850 1557 1137 1616 facerent:
1182 1558 1335 1634 ipsos
1376 1559 1589 1635 oppida
1635 1559 1926 1634 vicosque,
1956 1578 2099 1635 quos
2148 1559 2413 1618 incende·

354 1661 504 1722 rant,
533 1642 834 1707 restituere
854 1650 1039 1725 jussit.
1122 1649 1191 1707 Id
1219 1651 1289 1707 eii
1317 1648 1567 1708 maxime
1596 1652 1817 1710 ratione
1846 1652 2003 1723 fecit,
2034 1651 2188 1728 quod
2230 1653 2414 1710 noluit

354 1761 490 1799 eum
543 1741 755 1813 locum,
802 1742 979 1798 unde‘
1011 1741 1263 1799 Helvetii
1317 1742 1717 1813 discesserant,
1773 1763 2012 1815 vacare;
2055 1764 2130 1802 ne
2181 1756 2412 1821 propter

356 1834 670 1910 bonitatem
701 1852 964 1910 agrorum
992 1834 1287 1904 Germani,
1317 1835 1415 1908 qui
1445 1845 1601 1892 trans
1629 1835 1903 1892 Rhenum
1928 1836 2207 1907 incolunt,
2231 1855 2265 1894 e
2292 1837 2414 1894 suis

354 1925 567 1983 finibus
595 1925 653 1982 in
692 1925 1089 1982 Helvetiorum
1134 1925 1278 1982 fines
1317 1926 1642 1997 transirent,
1672 1938 1730 1984 et
1771 1927 1999 1984 finitimi
2040 1928 2244 1985 Galliae
2285 1946 2415 2004 pro-

355 2018 561 2075 vinciis
627 2017 1151 2093 Allobrogibusque
1211 2029 1424 2074 essent.
1536 2018 1728 2090 Boios,
1783 2020 2112 2094 petentibus
2181 2019 2411 2093 AEduis,

354 2109 512 2185 quod
540 2110 773 2187 egregia
817 2109 1023 2191 virtute
1065 2119 1228 2166 erant
1270 2109 1510 2186 cogniti,
1540 2121 1604 2168 ut
1643 2111 1703 2168 in
1751 2111 1963 2169 finibus
2005 2111 2124 2169 suis
2167 2111 2414 2170 colloca·

354 2214 502 2274 rent,
532 2202 852 2271 concessit3
895 2202 1105 2276 quibus
1145 2201 1227 2258 illi
1277 2220 1443 2279 agros
1483 2203 1784 2274 dederunt,
1813 2222 2071 2279 quosque
2110 2214 2311 2279 postea
2350 2204 2412 2262 in

353 2314 549 2371 parem
595 2294 742 2370 juris
794 2293 1185 2368 libertatisque
1233 2294 1645 2366 conditionem,
1703 2305 1872 2369 atque
1925 2295 2035 2371 ipsi
2090 2308 2272 2366 erant,
2327 2314 2414 2354 re·

355 2396 648 2463 ceperunt.

435 2478 667 2536 XXIX.
724 2477 794 2534 In
846 2477 1048 2535 castris
1090 2476 1489 2535 Helvetiorum
1531 2477 1739 2534 tabulae
1779 2487 2016 2553 repertoe
2060 2489 2192 2535 sunt
2233 2477 2413 2537 literis

353 2571 575 2629 Graecis
618 2569 917 2640 confectae,
966 2582 1025 2628 et
1073 2567 1143 2627 ad
1187 2569 1480 2626 Caesarem
1509 2568 1778 2644 praelatae,
1828 2568 2036 2644 quibus
2090 2569 2149 2626 in
2202 2570 2414 2629 tabulis

353 2662 693 2721 nominatim
718 2661 866 2719 ratio
886 2662 1153 2719 confecta
1171 2672 1313 2732 erat,
1336 2660 1436 2735 qui
1463 2678 1737 2717 numerus
1758 2661 1931 2718 domo
1950 2660 2161 2720 exisset
2187 2681 2407 2735 eorum,
2476 2689 2507 2730 ,κ

354 2754 453 2830 qui
500 2773 656 2811 arma
697 2753 842 2811 ferre
882 2764 1152 2829 possent:
1196 2765 1254 2811 et
1300 2753 1438 2810 item
1464 2754 1785 2827 ‘separatim
1829 2753 2014 2829 pueri,
2053 2772 2240 2826 senes,
2288 2774 2413 2812 mu·
2500 2777 2507 2784 ·

353 2847 650 2921 lieresque.
731 2845 1000 2906 Quarum
1026 2843 1293 2908 ,omnium
1334 2863 1527 2902 rerum
1569 2863 1792 2901 summa
1818 2855 1958 2916 erat,
1989 2845 2243 2921 capitum
2272 2845 2414 2904 Hel-

354 2938 630 2995 vetiorum
680 2937 859 2994 millia
885 2935 1218 3006 CCLXIII,
1247 2935 1634 3011 Tulingorum
1664 2935 1844 2993 millia
1880 2936 2174 3009 XXXVI,
2203 2937 2414 2994 Latob-

356 3032 607 3108 rigorum
654 3028 824 3100 XIV,
854 3028 1257 3085 Rauracorum
1305 3027 1541 3098 XXIII,
1573 3028 1846 3084 Boiorum
1876 3027 2157 3087 XXXII:
2202 3047 2273 3086 ex
2300 3029 2409 3101 his,

354 3123 451 3199 qui
510 3141 664 3179 arma
718 3121 865 3178 ferre
911 3130 1163 3196 possent,
1221 3120 1291 3176 ad
1336 3119 1517 3175 millia
1565 3120 1758 3177 XCII.
1860 3121 2101 3177 Summa
2152 3121 2411 3179 omnium

355 3215 586 3273 fuerunt
615 3214 685 3271 ad
713 3213 895 3270 millia
920 3210 1362 3270 CCCLXVIII.
1447 3211 1685 3282 Eorum,
1714 3211 1812 3285 qui
1841 3211 2073 3268 domum
2098 3213 2409 3285 redierunt,

355 3326 534 3364 censu
562 3306 779 3375 habito,
807 3315 871 3361 ut
898 3304 1094 3362 Caesar
1123 3303 1518 3379 imperaverat,
1547 3313 1808 3379 repertus
1848 3314 1934 3360 est
1973 3323 2248 3362 numerus
2289 3304 2414 3362 mil-

355 3399 496 3457 lium
525 3397 576 3455 C
605 3407 663 3455 et
690 3396 768 3454 X.
915 3388 927 3398 ’

433 3489 635 3547 ΧΧΧ.
697 3489 861 3546 Bello
889 3488 1286 3546 Helvetiorum
1316 3487 1604 3558 consecto,
1633 3487 1809 3544 totius
1836 3485 1955 3544 fere
1983 3487 2186 3545 Galliae
2216 3489 2410 3566 legati,

352 3581 644 3658 principes
672 3581 989 3652 civitatum,
1022 3581 1092 3637 ad
1116 3580 1406 3637 Caesarem
1437 3579 1782 3655 gratulatum
1814 3590 2239 3636 convenerunt:
2284 3587 2299 3612 ‘
2319 3579 2415 3635 In-

356 3674 615 3749 telligere
642 3690 787 3743 sese,
815 3672 1041 3729 tametsi
1068 3691 1172 3747 pro
1199 3672 1487 3728 veteribus
1516 3670 1914 3727 Helvetiorum
1953 3669 2176 3745 injuriis
2214 3670 2412 3756 populi

364 3764 613 3822 Romani
664 3765 734 3820 ab
782 3763 853 3820 iis
898 3781 1094 3838 poenas
1141 3763 1294 3820 bello
1340 3762 1658 3838 repetisset,
1698 3772 1891 3818 tamen
1938 3779 2065 3817 eam
2120 3778 2240 3816 rem
2295 3779 2411 3817 non

356 3855 552 3914 minus
594 3874 665 3913 ex
710 3874 817 3912 usu
866 3865 1029 3912 terrae
1070 3855 1296 3925 Galliae,
1327 3852 1500 3929 quAm
1548 3852 1743 3928 populi
1793 3851 2048 3909 Romani
2094 3850 2373 3909 accidisse
2395 3861 2421 3914 ί

357 3958 656 4025 propterea
703 3945 856 4021 quod
906 3963 974 4003 eo
1015 3946 1278 4016 consili0‚
1323 3943 1740 4003 florentissimis
1793 3943 1983 4011 rebus,
2027 3941 2227 3999 domos
2280 3962 2411 4027 suas

988 4040 1026 4093 2
1054 4039 1084 4070 ὓ
