2747 4376
289 338 293 345 ,
348 285 426 342 22
1016 283 1112 332 DE
1158 284 1392 332 naimo
1440 283 1758 332 cAtmco
2014 284 2169 348 [cst.
2204 281 2394 332 37-39

353 427 447 493 vit,
480 445 571 497 ne,
600 427 645 483 si
677 446 823 484 nova
851 446 1054 484 manus
1083 428 1403 484 Suevorum
1432 446 1565 484 cum
1594 429 1880 485 veteribus
1908 427 2091 503 copiis
2134 424 2407 483 Ariovisti

350 537 474 574 sese
520 518 926 594 conjunxisset,
972 517 1160 576 minus
1204 518 1373 576 facile
1422 520 1607 576 resisti
1647 517 1852 594 posset.
1937 518 2138 593 Itaque
2186 537 2247 575 re
2297 517 2407 573 fru-

353 611 651 680 mentaria,
681 610 851 684 quam
887 609 1185 667 celerrime
1228 611 1431 685 potuit,
1464 612 1812 685 comparata,
1840 611 2064 688 magnis
2108 610 2407 667 itineribus

356 700 421 757 ad
457 702 807 758 Ariovistum
837 703 1148 759 contendit.

430 792 781 850 XXXVIII.
836 793 1043 854 Quum
1090 794 1263 851 tridui
1312 794 1458 851 viam
1503 794 1891 869 processisset,
1936 794 2274 850 nunciatum
2321 804 2408 850 est

350 884 424 953 ei,
454 883 806 941 Ariovistum
838 903 970 940 cum
999 885 1118 942 suis
1145 885 1412 942 omnibus
1440 885 1621 960 copiis
1649 884 1719 941 ad
1747 884 2149 960 occupandum
2188 885 2409 941 Veson-

351 977 586 1046 tionem,
616 976 767 1050 quod
796 989 882 1033 est
921 977 1191 1052 oppidum
1236 978 1544 1049 maximum
1589 977 2005 1051 Sequanorum,
2037 976 2405 1047 contendere,

310 1067 640 1168 vtriduique
689 1069 834 1125 viam
893 1088 924 1124 a
977 1068 1098 1126 suis
1151 1068 1360 1126 finibus
1414 1069 1741 1144 profecisse.
1844 1068 1912 1125 Id
1966 1088 2042 1126 ne
2097 1068 2405 1139 accideret,

353 1177 562 1235 magno
608 1178 779 1234 opere
821 1160 1256 1234 praecavendum
1307 1161 1416 1218 sibi
1460 1160 1655 1218 Caesar
1699 1160 2095 1218 existimabat:
2159 1178 2408 1235 namque

351 1251 608 1307 omnium
637 1269 845 1321 rerum,
874 1270 1000 1325 quae
1045 1252 1114 1308 ad
1158 1251 1370 1309 bellum
1393 1252 1544 1309 'usui
1588 1261 1772 1323 erant,
1802 1271 2022 1308 summa
2070 1262 2192 1309 erat
2235 1251 2294 1308 in
2335 1270 2410 1309 eo

300 1404 307 1409 5
350 1341 562 1416 oppido
591 1342 861 1412 facultas;
907 1343 1076 1417 idque
1106 1344 1309 1400 natura
1338 1343 1452 1400 loci
1494 1343 1580 1399 sic
1622 1344 2005 1419 muniebatur,
2036 1354 2099 1400 ut
2140 1363 2407 1419 magnam

354 1433 422 1489 ad
454 1434 780 1491 ducendum
812 1434 1022 1491 bellum
1065 1435 1224 1492 daret
1268 1434 1619 1509 facultatem,
1649 1445 1951 1510 propterea
1994 1433 2148 1509 quod
2193 1434 2408 1492 flumen

354 1524 559 1596 Dubis,
593 1538 652 1583 ut
681 1526 912 1592 circino
938 1526 1419 1597 circumductum,
1448 1545 1613 1601 paene
1649 1537 1831 1583 totum
1868 1527 2140 1601 oppidum
2184 1526 2404 1602 cingit:

354 1617 632 1690 reliquum
661 1618 925 1692 spatium,
956 1618 1108 1699 quod
1136 1629 1222 1674 est
1251 1637 1365 1674 non
1397 1618 1639 1692 amplius
1657 1617 1868 1693 pedum
1898 1617 2028 1688 DC,
2051 1616 2165 1693 qua
2193 1617 2409 1675 flumen

353 1707 694 1779 intermittit,
724 1728 887 1765 mons
916 1709 1173 1766 continet
1199 1709 1412 1785 magna
1444 1708 1763 1780 altitudine,
1795 1709 1875 1766 ita
1904 1720 1965 1766 ut
2000 1709 2225 1767 radices
2251 1729 2410 1767 mon-

352 1799 425 1856 tis
465 1818 534 1856 ex
584 1802 824 1874 utraque
866 1810 1027 1875 parte
1074 1800 1209 1875 ripae
1253 1800 1508 1857 fluminis
1551 1800 1904 1877 contingant.
1989 1800 2169 1857 Hunc
2211 1820 2409 1860 murus

353 1892 742 1948 circumdatus
797 1909 986 1948 arcem
1029 1891 1224 1962 efficit,
1280 1902 1338 1965 et
1393 1911 1527 1949 cum
1580 1891 1792 1967 oppido
1845 1891 2159 1968 conjungit.
2270 1891 2409 1951 Huc

352 1983 547 2039 Caesar
576 1983 799 2059 magnis
826 1983 1123 2040 nocturnis
1174 1984 1513 2058 diurnisque
1554 1983 1854 2041 itineribus
1894 1985 2209 2057 contendit,
2237 2003 2411 2043 occu-

351 2086 597 2149 patoque
626 2075 835 2149 oppido
866 2075 942 2131 ibi
970 2075 1297 2149 praesidium
1326 2075 1590 2133 collocat.

431 2165 727 2225 XXXIX.
788 2166 940 2224 Dum
969 2186 1186 2243 paucos
1214 2167 1337 2226 dies
1368 2167 1438 2225 ad
1466 2168 1882 2226 Vesontionem
1912 2167 1993 2226 rei
2024 2167 2408 2227 frumentariae

353 2260 820 2333 commeatusque
878 2278 1050 2316 causa
1114 2270 1386 2331 moratur,
1443 2279 1515 2318 ex
1560 2261 2034 2336 percunctatione
2086 2271 2409 2318 nostrorum

274 2375 295 2405 ,ι
353 2351 702 2425 vocibusque
728 2351 1026 2408 Gallorum
1065 2371 1132 2409 ac
1174 2363 1576 2423 mercatorum,
1606 2352 1703 2426 qui
1747 2352 1979 2429 ingenti
2011 2352 2407 2456 magnitudine

353 2461 653 2518 corporum
694 2443 1032 2515 GermanOS,
1063 2445 1387 2502 incredibili
1433 2445 1638 2501 virtute
1682 2455 1850 2519 atque
1898 2444 2305 2501 exercitatione
2348 2444 2409 2501 in

354 2536 524 2592 armis
561 2554 686 2593 esse
727 2536 1138 2611 praedicabant‚
1169 2555 1562 2611 saepenumero
1602 2554 1728 2593 sese
1771 2556 1904 2593 cum
1946 2536 2030 2593 eis
2073 2554 2410 2612 congressos

351 2645 423 2682 ne
455 2627 668 2683 vultum
697 2615 927 2701 quidem
960 2638 1127 2702 atque
1158 2627 1340 2684 aciem
1384 2629 1682 2684 oculorum
1727 2627 1874 2685 ferre
1914 2628 2187 2703 potuisse,
2216 2638 2411 2685 tantus

351 2717 540 2775 subito
582 2719 751 2775 timor
793 2738 1021 2775 omnem
1064 2719 1379 2776 exercitum
1422 2719 1745 2793 occupavit,
1777 2730 1839 2775 ut
1880 2739 1995 2775 non
2046 2719 2409 2776 mediocriter

350 2811 603 2867 omnium
636 2820 856 2866 mentes
886 2811 1218 2883 animosque
1244 2809 1617 2885 perturbaret.
1704 2808 1821 2865 Hic
1848 2807 2098 2882 primum
2127 2821 2285 2866 ortus
2324 2825 2410 2868 est
2483 2869 2498 2894 -.

353 2921 385 2958 a
411 2901 656 2958 tribunis
698 2901 962 2971 militum,
992 2900 1296 2976 praefectiS,
1327 2900 1692 2973 reliquisque,
1723 2899 1820 2973 qui
1846 2916 1918 2955 ex
1957 2899 2098 2955 urbe
2143 2900 2410 2958 amicitias

352 2994 527 3050 causa
557 2993 844 3050 Caesarem
874 2994 1077 3062 secuti,
1109 3011 1380 3068 magnum
1422 2991 1741 3066 periculum
1785 2989 2223 3062 miserabantur,
2254 2991 2409 3066 quod

314 3151 321 3164 ¹
353 3104 467 3142 non
495 3104 766 3160 magnum
796 3085 853 3141 in
884 3103 945 3141 re
973 3084 1205 3140 militari
1242 3102 1408 3140 usum
1448 3082 1768 3139 habebant:
1813 3100 2056 3157 quorum
2100 3082 2264 3153 alius,
2297 3083 2408 3141 alia

352 3176 528 3234 causa
578 3176 765 3246 illata,
807 3195 978 3251 quam
1027 3176 1137 3232 sibi
1189 3174 1258 3231 ad
1305 3173 1788 3249 proficiscendum
1843 3174 2227 3231 necessariam
2285 3193 2410 3233 esse

351 3268 588 3338 diceret,
627 3268 875 3343 petebat,
906 3278 969 3323 ut
1009 3266 1131 3342 ejus
1175 3266 1466 3323 voluntate
1506 3266 1804 3323 discedere
1845 3266 2082 3324 liceret:
2126 3267 2437 3338 nonnulli,¹

349 3359 569 3435 pudore
619 3359 871 3429 adducti,
914 3368 977 3415 ut
1023 3359 1245 3416 timoris
1289 3357 1677 3433 suspicionem
1725 3357 1988 3428 vitarent,
2018 3358 2406 3416 remanebant.

353 3451 435 3508 Hi
462 3457 650 3525 neque
677 3450 896 3508 vultum
924 3449 1142 3526 fingere
1170 3469 1358 3525 neque
1387 3450 1673 3508 interdum
1711 3449 1978 3506 lacrimas
2018 3458 2214 3506 tenere
2253 3459 2413 3523 pote-

350 3552 511 3601 rant:
558 3542 732 3602 abditi
771 3542 830 3599 in
873 3542 1263 3600 tabernaculis
1309 3553 1407 3598 aut
1450 3562 1615 3599 suum
1659 3541 1836 3598 fatum
1879 3540 2282 3615 querebantur,
2314 3552 2411 3597 aut

352 3654 485 3693 cum
561 3634 934 3691 familiaribus
1018 3634 1162 3712 suis⁶
1204 3652 1511 3691 commune
1586 3632 1905 3709 periculum
1974 3632 2406 3691 miserabantur.

351 3725 543 3802 Vulgo
573 3726 709 3783 totis
738 3726 940 3783 castris
968 3726 1310 3784 testamenta
1349 3715 1817 3802 obsignabantur.
1904 3722 2129 3780 Horum
2173 3724 2411 3781 vocibus

354 3838 422 3875 ac
450 3818 676 3887 timore,
703 3818 979 3892 paulatim
1009 3819 1180 3876 etiam
1212 3818 1272 3888 ii,
1304 3817 1400 3892 qui
1430 3836 1702 3894 magnum
1733 3816 1790 3872 in
1816 3816 2016 3873 castris
2046 3834 2209 3872 usum
2242 3815 2409 3872 habe-

355 3910 489 3965 bant
542 3910 748 3966 milites
779 3911 1277 3985 centurionesque,
1310 3910 1524 3983 quique
1566 3909 1819 3983 equitatu
1866 3919 2166 3982 praeerant,
2196 3918 2387 3981 pertur
