2747 4376
216 3759 243 3773 N

387 279 468 337 28
1043 277 1139 326 DE
1185 276 1419 327 BELLO
1466 276 1787 326 GALLICO
2058 276 2215 340 [Car.
2246 275 2470 323 47-49.

390 420 458 479 C.
489 421 709 477 Valerii
738 420 956 477 Caburi
989 420 1189 492 filium,
1221 421 1445 477 summa
1488 421 1696 478 virtute
1738 431 1795 477 et
1836 419 2191 476 humanitate
2235 417 2470 475 adoles-

390 523 616 569 centem
648 512 841 588 (cujus
879 526 1041 588 pater
1072 532 1105 569 a
1132 513 1200 570 C.
1233 513 1469 570 Valerio
1496 513 1713 569 Flacco
1743 513 1985 569 ‚civitate
2024 511 2270 568 donatus
2296 511 2460 587 erat)

389 615 446 661 et
472 615 701 679 propter
729 605 901 662 fidem
929 617 986 661 et
1012 617 1240 680 propter
1267 605 1481 681 linguae
1503 604 1743 661 Gallicae
1771 604 2094 674 scientiam,
2123 603 2237 676 qua
2266 602 2461 658 multa

384 695 501 772 jam
530 696 854 754 Ariovistus
882 697 1195 773 longinqua
1238 697 1656 753 consuetudine
1693 696 1983 766 utebatur,
2012 705 2070 752 et
2106 694 2260 769 quod
2289 695 2351 751 in
2379 712 2463 752 eo

388 788 670 862 peccandi
698 789 1002 845 Germanis
1031 808 1208 845 causa
1233 808 1350 845 non
1380 800 1548 858 esset,
1575 788 1645 844 ad
1674 807 1809 845 eum
1835 788 2083 857 mittere,
2105 797 2163 843 et
2190 784 2274 843 M.
2298 784 2462 843 Met-

389 878 554 949 tium,
584 881 681 954 qui
711 881 960 955 hospitio
994 880 1272 937 Ariovisti
1313 899 1453 937 usus
1493 891 1631 938 erat.
1716 879 1827 936 His
1867 879 2177 949 mandavit,
2208 889 2290 949 ut,
2320 896 2456 952 quae

388 969 606 1028 diceret
661 961 1002 1043 A'riovistus,
1058 984 1495 1049 cognoscerent,
1539 983 1597 1030 et
1647 972 1716 1028 ad
1770 990 1834 1029 se
1887 971 2178 1051 referrent.
2274 971 2457 1032 Quos

390 1081 567 1136 quum
597 1064 742 1138 apud
774 1083 835 1120 se
878 1064 937 1120 in
982 1065 1185 1121 castris
1231 1064 1556 1121 Ariovistus
1597 1063 2007 1139 conspexisset,
2037 1062 2292 1120 exercitu
2342 1082 2457 1120 suo

388 1168 685 1229 praesente,
717 1155 1097 1213 conclamavit
1120 1176 1132 1213 :
1178 1163 1192 1189 ⁴
1215 1155 1383 1216 Quid
1415 1156 1486 1213 ad
1513 1175 1575 1213 se
1603 1156 1902 1212 venirent?
1985 1155 2083 1211 An
2111 1154 2455 1231 speculandi

389 1248 565 1304 causa
585 1248 608 1303 'l
628 1249 640 1273 '
726 1248 1020 1305 Conantes
1047 1248 1244 1306 dicere
1269 1248 1581 1324 prohibuit,
1611 1260 1669 1305 et
1697 1247 1755 1304 in
1785 1257 2019 1304 catenas
2047 1247 2312 1323 conjecit.

467 1338 746 1397 XLVIII.
807 1340 1027 1397 Eodem
1071 1340 1166 1397 die
1213 1351 1403 1397 castra
1441 1339 1741 1415 promovit,
1784 1351 1842 1396 et
1882 1338 2134 1396 millibus
2173 1357 2451 1414 passuum

388 1447 489 1487 sex
518 1450 550 1487 a
578 1431 824 1488 Caesaris
853 1432 1055 1489 castris
1092 1433 1199 1488 sub
1241 1444 1436 1489 monte
1478 1432 1754 1489 consedit.
1839 1430 2123 1488 Postridie
2163 1431 2285 1507 ejus
2329 1430 2449 1487 diei

387 1532 591 1596 praeter
633 1537 819 1580 castra
862 1524 1108 1580 Caesaris
1149 1543 1282 1580 suas
1325 1524 1521 1599 copias
1563 1522 1902 1593 transduxit,
1931 1533 1989 1579 et
2030 1523 2282 1580 millibus
2323 1542 2451 1597 pas-

389 1634 557 1672 suum
584 1616 810 1673 duobus
838 1616 987 1674 ultra
1029 1636 1160 1674 eum
1207 1632 1395 1674 castra
1438 1617 1593 1687 fecit,
1622 1636 1694 1673 eo
1740 1617 2002 1688 consili0,
2033 1615 2115 1673 uti
2161 1616 2451 1673 frumento

389 1719 847 1782 commeatuque,
879 1708 977 1783 qui
1005 1727 1077 1765 ex
1105 1709 1391 1783 Sequanis
1432 1719 1489 1765 et
1533 1708 1742 1766 AEduis
1782 1719 2227 1784 supportaretur,
2258 1708 2451 1765 Caesa-

388 1817 510 1856 rem
560 1799 982 1858 intercluderet.
1067 1800 1157 1858 Ex
1199 1819 1271 1858 eo
1315 1801 1411 1858 die
1459 1800 1581 1857 dies
1610 1801 1916 1858 continuos
1957 1801 2211 1875 quinque
2251 1799 2449 1858 Caesar

387 1909 493 1966 pro
521 1892 722 1949 castris
750 1911 882 1949 suas
911 1892 1106 1968 copias
1132 1893 1419 1968 produxit,
1449 1903 1507 1950 et
1535 1892 1719 1950 aciem
1749 1893 2085 1950 instructam
2113 1892 2332 1963 habuit,
2362 1904 2448 1964 ut,
2503 1904 2516 1921 ¹

388 1984 437 2040 si
466 1983 635 2041 vellet
665 1984 990 2041 Ariovistus
1016 1985 1220 2060 proelio
1259 1985 1630 2056 contendere,
1661 1984 1716 2041 ei
1756 1995 2008 2060 potestas
2046 2003 2163 2042 non
2204 1984 2446 2042 deesset.

389 2074 716 2133 Ariovistus
770 2075 860 2133 his
912 2077 1181 2134 omnibus
1235 2076 1439 2134 diebus
1492 2076 1808 2134 exercitum
1863 2076 2066 2134 castris
2119 2076 2445 2149 continuit,

388 2168 636 2243 equestri
686 2168 888 2245 proelio
936 2168 1193 2245 quotidie
1237 2167 1551 2227 contendit.
1634 2168 1833 2227 Genus
1887 2168 1999 2226 hoc
2043 2178 2174 2226 ‘erat
2214 2187 2445 2246 pugnae,

389 2279 503 2334 quo
530 2279 591 2318 se
618 2261 892 2318 Germani
923 2271 1315 2319 exercuerant.
1402 2261 1676 2336 Equitum
1707 2261 1888 2318 millia
1927 2272 2089 2318 erant
2129 2279 2265 2332 sex3
2317 2261 2449 2319 toti-

388 2351 518 2410 dem
549 2372 789 2411 numero
830 2354 1051 2431 pedites
1101 2353 1442 2411 velocissimi
1496 2372 1563 2410 ac
1608 2352 1937 2423 fortissimi3
1980 2373 2123 2427 quos
2169 2372 2239 2410 ex
2285 2354 2445 2411 omni

387 2444 555 2519 copia
585 2446 796 2522 singuli
827 2447 1085 2523 singulos
1113 2465 1230 2503 suae
1272 2445 1472 2502 salutis
1514 2445 1690 2502 causa
1732 2445 2078 2521 delegerant.
2162 2440 2314 2501 Cum
2355 2445 2445 2502 his

389 2535 447 2593 in
496 2538 710 2612 proeliis
756 2539 1146 2608 versabantur,
1199 2537 1265 2594 ad
1313 2537 1416 2593 hos
1464 2556 1524 2594 se
1568 2538 1789 2612 equites
1839 2531 2222 2613 recipiebant:
2269 2537 2346 2609 hi,
2395 2537 2444 2596 si

388 2628 525 2701 quid
573 2641 695 2686 erat
737 2630 956 2698 duritia,
1001 2630 1462 2686 concurrebant:
1513 2630 1558 2685 si
1597 2630 1723 2706 qui,
1772 2630 2031 2704 graviore
2076 2628 2309 2686 vulnere
2354 2648 2445 2685 ac-

388 2732 576 2795 cept0‚
626 2740 776 2795 equo
819 2722 1132 2790 deciderat,
1184 2720 1713 2776 circumsistebant:
1778 2721 1825 2775 si
1876 2720 1989 2792 quo
2039 2732 2161 2776 erat
2215 2719 2443 2796 longius

388 2811 804 2890 prodeundum,
838 2826 933 2868 aut
962 2810 1210 2870 celeriu-
1239 2811 1654 2885 recipiendum,
1684 2822 1841 2865 tanta
1881 2821 2002 2865 erat
2045 2810 2244 2866 horum
2289 2803 2433 2869 exer·

389 2901 663 2961 citatione
711 2905 994 2975 celeritaS,
1038 2914 1119 2974 ut,
1156 2901 1312 2979 jubis
1359 2920 1634 2976 equorum
1680 2899 1976 2971 sublevati,
2022 2919 2255 2959 cursum
2300 2904 2442 2992 adag-

388 3006 644 3069 quarent.

467 3086 689 3144 XLIX.
747 3087 860 3144 Ubi
889 3106 1020 3144 eum
1052 3087 1253 3144 castris
1281 3105 1342 3144 se
1369 3100 1567 3143 tenere
1595 3084 1789 3141 Caesar
1812 3083 2108 3154 intellexit,
2130 3103 2206 3142 ne
2227 3084 2441 3143 diutius
2537 3119 2550 3132 ι

389 3192 711 3235 commeatu
741 3179 1156 3254 prohiberetur,
1187 3179 1337 3235 ultra
1363 3196 1495 3234 eum
1524 3177 1738 3247 locum,
1767 3194 1882 3251 quo
1911 3176 1969 3232 in
1998 3176 2128 3233 loco
2168 3175 2440 3234 Germani

390 3271 786 3341 consederant,
817 3270 1046 3326 circiter
1085 3288 1287 3345 passus
1327 3279 1629 3326 sexcentos
1672 3270 1741 3325 ab
1783 3268 1886 3339 eis,
1926 3269 2127 3325 castris
2172 3268 2441 3325 idoneum

388 3363 581 3420 locum
609 3362 842 3439 delegit,
874 3362 1112 3437 acieque
1153 3361 1367 3437 triplici
1409 3362 1709 3431 instructa,
1741 3360 1812 3417 ad
1853 3379 1985 3418 eum
2034 3361 2226 3416 locum
2269 3361 2437 3418 venit.

389 3454 640 3512 Primam
670 3464 726 3511 et
753 3454 1066 3511 secundam
1097 3454 1278 3511 aciem
1309 3454 1368 3511 in
1400 3453 1571 3510 armis
1592 3472 1737 3524 esse,
1759 3452 1987 3510 tertiam
2010 3462 2198 3508 castra
2219 3453 2442 3509 munire

387 3545 566 3624 jussit.
652 3545 771 3603 Hic
799 3546 959 3602 locus
991 3546 1059 3603 ab
1089 3546 1250 3602 hoste
1279 3546 1509 3603 circiter
1537 3564 1737 3621 passus
1766 3554 2085 3613 sexcentOS,
2110 3540 2192 3600 uti
2223 3544 2438 3602 dictum

390 3650 495 3710 est,
528 3639 737 3696 aberat.
822 3637 909 3695 Εό
939 3638 1169 3695 circiter
1200 3638 1496 3695 hominum
1516 3644 1767 3694 'numero
1796 3635 1943 3692 XVI
1973 3635 2154 3692 millia
2180 3635 2444 3710 expedita

391 3750 525 3791 cum
554 3731 710 3787 omni
740 3731 994 3805 equitatu
1029 3730 1349 3788 Ariovistus
1379 3729 1551 3799 misit,
1582 3748 1709 3803 quae
1751 3727 1931 3803 copiae
1973 3738 2197 3784 nostros
2238 3737 2445 3803 perter-

390 3834 583 3882 rerent
611 3834 668 3881 et
696 3824 1014 3881 munitione
1041 3822 1425 3898 prohiberent.
1511 3820 1714 3877 Nihilo
1742 3818 1933 3876 secius
1961 3818 2177 3887 Caesar,
2207 3828 2271 3875 ut
2313 3818 2441 3875 ante

393 3917 786 3987 constituerat,
815 3917 957 3973 duas
1003 3916 1157 3973 acies
1201 3916 1422 3972 hostem
1471 3913 1822 3988 propulsare,
1867 3911 2092 3968 tertiam
2137 3928 2281 3984 opus
2324 3929 2439 3985 per·
