2747 4376
721 54 746 81 '¹
865 54 893 111 Ι

735 82 902 115 .”“
1071 62 1215 125 ι·Ι

1229 122 1244 141 x

1185 186 1200 201 J

359 272 439 329 ,ιε
1015 219 1110 316 οἷς
1157 268 1391 316 senso
1439 266 1757 314 GAmeo
2065 266 2223 328 [cn.
2259 267 2434 312 9-11,

362 423 566 469 nautas
605 411 1133 488 gubernatoresque
1174 410 1495 486 comparari
1531 409 1712 486 jubet,
1797 408 1909 465 His
1952 408 2124 464 rebus
2167 408 2438 464 celeriter

363 504 791 574 administratis,
824 503 964 577 ipse,
1007 522 1182 577 quum
1224 500 1485 578 primum·
1522 520 1623 578 per
1670 500 1805 571 anni
1847 512 2074 575 tempus
2121 500 2331 576 potuit,
2361 498 2435 555 ad

362 596 679 652 exercitum
728 595 1043 652 contendit.
1128 595 1361 666 Veneti,
1403 594 1754 668 reliquaeque
1798 593 1936 649 item
1985 590 2268 662 civitatee,
2300 610 2439 666 cog-

363 686 486 742 nito
512 685 761 743 Caesaris
803 686 1070 760 adventu,
1099 686 1267 742 simul
1312 684 1488 760 quod,
1519 698 1798 759 quantum
1847 685 2018 757 inse
2062 683 2291 740 facinus
2339 683 2440 751 ad·
2476 678 2509 713 “¹¹

363 777 671 850 misissent,
720 777 1138 855 intelligebant,
1190 776 1459 854 (legatos,
1509 776 1664 851 quod
1706 794 1918 832 nomen
1968 775 2039 832 ad
2087 793 2291 832 omnes
2333 793 2437 831 na·-

362 869 549 941 tiones
576 880 840 926 sanctum
868 869 1320 945 inviolatumque
1346 887 1571 943 semper
1614 867 1834 938 fuisset,
1863 877 2116 924 retentos
2158 867 2232 924 ab
2270 885 2333 923 se
2374 877 2438 923 et

364 960 424 1017 in
452 960 684 1019 vincula
723 961 1045 1040 conjectos)
1075 980 1181 1036 pro
1220 960 1625 1039 magnitudine
1659 958 1906 1035 periculi
1948 959 2162 1015 bellurn
2206 977 2435 1035 parare,

364 1062 423 1109 et
462 1051 713 1109 maxime
758 1071 848 1124 ea,
879 1072 1005 1128 quae
1051 1052 1123 1110 ad
1171 1071 1339 1109 usum
1388 1052 1621 1109 navium
1667 1050 1978 1127 pertinent,
2005 1050 2306 1125 providere
2347 1050 2474 1107 in·-

364 1139 644 1214 stituunt3
688 1144 800 1201 hoc
827 1144 1040 1220 majore
1068 1162 1189 1219 spe,
1219 1142 1375 1218 quod
1404 1140 1649 1201 multum
1676 1142 1883 1199 natura
1905 1142 2020 1199 loci
2043 1142 2433 1200 confidebant.

365 1233 662 1293 Pedestria
701 1254 827 1293 esse
870 1236 1076 1293 itinera
1118 1236 1353 1293 concisa
1397 1235 1696 1306 aestuariis,
1725 1234 2147 1311 navigationem
2195 1235 2438 1310 impedi-

366 1335 483 1383 tam
501 1337 739 1411 propter
768 1327 1131 1405 inscientiam
1160 1327 1424 1385 locorum
1471 1326 1937 1402 paucitatemque
1975 1336 2245 1402 portuum
2287 1327 2438 1383 scie-

367 1418 543 1476 bant:
585 1438 774 1493 neque
801 1430 1024 1501 nostros
1050 1419 1336 1477 exercitus
1360 1429 1592 1494 propter
1622 1417 1936 1490 frumenti
1922 1418 2174 1492 inopiam
2212 1418 2438 1475 diutius

369 1510 520 1586 apud
560 1529 623 1568 se
665 1512 875 1568 morari
917 1530 1084 1586 posse
1130 1509 1534 1567 confidebant:
1580 1529 1648 1566 ac
1682 1510 1830 1586 jam,
1884 1520 1946 1565 ut
1992 1510 2186 1566 omnia
2230 1522 2461 1566 contra·

366 1602 696 1676 opinionem
730 1602 1078 1673 acciderent,
1108 1613 1300 1659 tamen
1328 1620 1390 1658 se
1430 1602 1739 1676 plurimum
1783 1601 2026 1658 navibus
2062 1620 2266 1676 posse:
2310 1601 2438 1658 Ro-
2480 1614 2511 1669 ζ’
2564 1650 2579 1665 ⁴

367 1711 569 1750 manos
607 1711 797 1767 neque
843 1693 1018 1750 ullam
1064 1676 1393 1750 facultatem
1446 1693 1657 1750 habere
1698 1693 1952 1764 navium,
1994 1712 2184 1767 neque
2231 1712 2434 1751 eorum

367 1780 647 1856 Iocorum,
703 1784 803 1841 ubi
835 1785 1059 1865 ‘bellum
1108 1786 1325 1861 gesturi
1368 1796 1579 1856 essent,
1622 1785 1792 1857 ,vada,
1847 1796 2045 1860 portus
2099 1785 2438 1861 insulasque

367 1875 632 1933 novisse:
678 1895 762 1932 ac¹
785 1874 959 1952 longe
1004 1876 1172 1953 aliam
1214 1895 1340 1934 esse
1388 1876 1813 1952 navigationem
1858 1877 1918 1933 in
1954 1877 2241 1957 ⁴concluso
2286 1878 2432 1934 mari

370 1966 541 2042 atque
585 1967 646 2025 in
691 1966 1010 2025 'vastissimo
1065 1979 1233 2042 atque
1290 1969 1649 2043 apertissimo
1691 1967 1933 2026 Oceano
1985 1969 2431 2071 perspiciebant.

369 2058 481 2116 His
510 2059 667 2117 initis
694 2060 971 2130 consiliis,
1001 2060 1213 2135 oppida
1237 2060 1524 2131 muniunt,
1548 2061 1834 2117 frumenta
1860 2079 1933 2131 ex
1961 2062 2112 2169 agris
2133 2063 2192 2118 in
2202 2062 2436 2136 oppida

369 2162 747 2228 comportant,
777 2170 951 2210 naves
992 2152 1051 2209 in
1093 2152 1420 2230 Venetiam,
1452 2152 1551 2210 ubi
1594 2152 1882 2210 Caesarem
1926 2151 2175 2228 primum
2217 2153 2433 2211 bellum

370 2254 665 2322 gesturum
708 2245 1024 2315 constabat,
1067 2243 1240 2320 quam
1286 2245 1562 2321 plurimas
1607 2256 1864 2322 possunt,
1908 2257 2139 2322 cogunt.
2225 2246 2434 2302 Socios

370 2335 492 2394 sibi
526 2336 596 2394 ad
641 2337 698 2393 id
742 2337 956 2394 bellum
999 2327 1302 2407 osismiOS,
1345 2323 1648 2408 Lexovios,
1695 2336 2013 2408 NanneteS,
2063 2338 2431 2408 Ambiliatos,

377 2427 653 2499 Morinos,
695 2427 1038 2500 Diablintes,
1066 2428 1369 2504 Menapios
1414 2429 1782 2510 adsciscunt:
1829 2429 2040 2486 auxilia
2086 2448 2156 2486 ex
2206 2430 2434 2487 Britan-

370 2520 490 2590 nia,
520 2539 646 2595 quae
674 2532 877 2578 contra
902 2540 998 2578 eas
1025 2521 1289 2597 regiones
1315 2521 1505 2596 posita
1530 2531 1635 2591 est,
1668 2532 1977 2578 arcessunt.
2282 2511 2289 2518 ’

451 2610 528 2669 Χ.
585 2612 767 2669 Erant
808 2613 896 2669 hae
938 2612 1303 2671 difficultates
1349 2612 1487 2669 belli
1530 2613 1786 2689 gerendi,
1817 2632 1958 2688 quas
1986 2611 2157 2687 supra
2185 2613 2460 2670 ostendi—'

371 2721 533 2772 mus;
578 2703 679 2760 sed
723 2705 903 2761 multa
946 2704 1235 2761 Caesarem
1276 2714 1469 2760 tamen
1514 2704 1584 2760 ad
1626 2704 1684 2761 id
1714 2704 1925 2761 bellum
1957 2704 2304 2761 incitabant:
2350 2706 2434 2761 in-

367 2793 531 2871 juriae
585 2805 934 2870 retentorum
989 2795 1247 2868 equitum
1302 2794 1734 2864 Romanorum3
1798 2796 2038 2852 rebellio
2094 2796 2246 2853 facta
2303 2809 2432 2872 post

373 2884 751 2955 deditionem3
795 2885 1062 2956 defectiO,
1092 2885 1239 2943 datis
1266 2886 1564 2942 obsidibus
1581 2906 1594 2955 ;
1638 2896 1724 2943 tot
1751 2885 2047 2943 civitatum
2079 2888 2431 2964 conjuratio;

269 2961 387 3040 74*
373 2995 433 3033 ιιι
477 2976 696 3052 primis,
725 2996 819 3048 ne,
860 2977 970 3033 hac
1017 2988 1179 3052 parte
1219 2977 1506 3054 neglecta,
1549 2977 1782 3051 reliquae
1823 2978 2087 3036 nationes
2129 2979 2280 3036 idern
2323 2980 2432 3037 sibi

371 3067 550 3125 licere
580 3068 1002 3126 arbitrarentur.
1086 3068 1289 3144 Itaque
1318 3088 1493 3143 quum
1535 3069 1880 3152 intffligeret
1920 3090 2122 3128 omnes
2151 3069 2271 3128 fere
2300 3072 2435 3128 Gal-

372 3159 458 3217 los
499 3160 662 3217 novis
707 3160 879 3218 rebus
927 3160 1177 3232 studere,
1222 3173 1279 3218 et
1325 3161 1395 3217 ad
1452 3145 1663 3219 bellum
1719 3162 2006 3220 mobiliter
2056 3163 2435 3238 celeriterque

372 3251 629 3322 excitari,
692 3271 891 3309 omnes
957 3263 1145 3310 autem
1213 3253 1474 3342 homines
1528 3254 1733 3312 natura
1788 3247 2038 3312 libertati
2092 3256 2324 3313 studere
2379 3269 2436 3314 et
2480 3251 2523 3316 Χ

373 3343 762 3400 conditionem
791 3344 1078 3402 servitutis
1120 3346 1329 3416 odisse,
1358 3337 1520 3421 prius
1548 3365 1720 3421 quam
1761 3346 1955 3422 plures
1996 3346 2258 3405 civitates
2301 3367 2438 3406 con·
2490 3355 2494 3360 ’

373 3434 671 3509 spirarent,
714 3427 1084 3511 partiendum
1121 3425 1232 3495 sibi
1282 3456 1349 3495 ac
1398 3437 1571 3495 latius
1613 3438 2070 3495 distribuendum
2118 3440 2435 3536 exercitum

372 3526 606 3601 putavit.

451 3616 560 3674 XI.
617 3617 820 3692 Itaque
858 3619 933 3677 T.
965 3620 1287 3677 Labienum
1328 3620 1582 3696 legatum
1624 3621 1684 3678 in
1725 3620 2020 3692 TrevirOS,
2052 3622 2148 3695 qui
2190 3624 2432 3697 proximi

374 3707 589 3766 Rheno
617 3709 838 3767 flumini
868 3722 1018 3783 sunt,
1051 3731 1184 3768 cum
1214 3712 1472 3785 equitatu
1514 3712 1704 3771 mittit.
1789 3712 1950 3769 Huic
1991 3714 2245 3782 mandat,
2274 3722 2291 3746 ‘
2318 3714 2435 3772 Re-

374 3819 498 3858 mos
525 3802 887 3877 reliquosque
917 3804 1127 3879 Belgas
1157 3804 1341 3866 adeat.
1375 3814 1543 3878 atque
1584 3804 1642 3862 in
1685 3804 1879 3861 officio
1921 3806 2250 3874 contineat3
2295 3806 2439 3866 Ger·

375 3909 706 3969 manosqne,
736 3896 832 3969 qui
864 3896 1075 3954 auxilio
1105 3916 1138 3953 a
1165 3896 1361 3972 Belgis
1400 3895 1657 3953 arcessiti
1700 3896 2059 3967 dicebantur,
2091 3898 2135 3953 si
2176 3916 2276 3972 per
2324 3899 2437 3958 vim
