2747 4376
335 282 417 341 52
993 278 1089 327 m:
1135 277 1367 327 BELLO
1415 274 2418 373 GALL100[012,.⁴28Z20.

242 462 249 471 -
339 420 630 481 hominem
659 433 717 479 et
746 420 1018 479 callidum
1046 421 1281 498 delegit,
1308 421 1564 493 Gallum,
1593 440 1665 480 ex
1690 420 1800 494 his,
1824 432 1970 497 quos
1998 419 2199 478 auxilii
2227 419 2415 476 causa

339 533 535 573 secum
566 513 828 571 habebat.
913 513 1074 570 Huic
1101 513 1326 589 magnis
1351 513 1604 588 praemiis
1624 513 2255 589 pollicitationibusque
2282 529 2415 586 per-
2497 484 2542 553 ἲ(

338 606 559 676 suadet,
590 604 670 662 uti
705 605 773 661 ad
804 604 996 662 hostes
1022 616 1274 662 transeat
1291 625 1306 674 ;
1349 615 1428 676 et,
1459 605 1597 680 quid
1634 605 1759 662 fieri
1787 606 1942 675 velit,
1971 605 2210 662 edocet:
2278 602 2411 664 Qui

338 698 570 773 ubi'pro
596 698 848 773 ,perfuga
894 697 963 753 ad
1005 715 1104 754 eos
1144 697 1320 767 venit,
1348 697 1614 754 timorem
1656 696 2058 754 Romanorum
2095 696 2370 771 proponit
2391 714 2407 764 ;

339 796 355 822 ‘
380 789 589 863 quibus
644 789 924 865 angustiis
979 789 1101 864 ipse
1167 788 1363 845 Caesar
1420 807 1456 845 a
1506 788 1749 845 Venetis
1801 789 2129 864 prematur,'
2197 788 2408 845 docet:

340 886 356 913 ‘
378 898 568 954 neque
608 879 840 959 longius
884 881 1103 951 abesse,
1133 879 1275 955 quin
1315 879 1578 954 proxima
1619 889 1793 937 nocte
1840 879 2094 936 Sabinus
2137 877 2292 936 clam
2334 897 2409 936 ex
2437 876 2552 941 V&

339 970 541 1029 castris
569 972 884 1029 exercituin
914 971 1144 1041 educat,
1173 982 1232 1028 et
1273 970 1344 1028 ad
1386 970 1678 1028 Coesarem
1722 969 1918 1027 auxilii
1959 969 2179 1028 ferendi
2224 970 2408 1026 causa

337 1061 768 1137 proficiscatur!
850 1061 1032 1125 Quod
1060 1062 1160 1119 ubi
1191 1061 1454 1121 auditum
1480 1071 1586 1132 est,
1617 1062 1985 1118 conclamant
2006 1079 2210 1119 omnes
2235 1078 2409 1118 occa-

337 1152 558 1211 sionem
587 1153 805 1231 negotii
835 1155 982 1211 bene
1009 1152 1250 1231 gerendi
1280 1153 1653 1211 amittendam
1679 1172 1797 1209 non
1837 1171 1984 1224 esse,
2015 1153 2084 1209 ad
2115 1162 2307 1210 castra
2333 1152 2406 1210 iri

337 1256 616 1320 oportere.
701 1244 902 1302 Multae
957 1263 1050 1303 res
1078 1244 1176 1302 -ad
1229 1245 1344 1302 hoc
1398 1244 1706 1301 consilium
1749 1244 1948 1302 Gallos
1989 1243 2401 1302 hortabantur:

337 1336 694 1411 superiorum
750 1337 975 1394 dierum
1040 1336 1243 1394 Sabini
1311 1336 1627 1408 cunctatio,
1694 1336 1950 1412 perfugae
2019 1335 2403 1407 confirmatiO,

338 1426 533 1504 inopia
560 1429 928 1500 cibariorum,
951 1427 1048 1485 cui
1077 1428 1160 1486 rei
1181 1447 1387 1503 parum
1413 1427 1720 1504 diligenter
1750 1428 1822 1484 ab
1849 1427 1920 1484 iis
1947 1437 2071 1485 erat
2088 1427 2402 1503 provisum,

337 1537 467 1596 spes
513 1520 785 1589 Venetici
834 1519 991 1591 belli,
1046 1529 1105 1577 et
1133 1517 1308 1595 'quod
1352 1517 1473 1577 fere
1520 1519 1765 1576 libenter
1809 1517 2072 1576 homines
2119 1518 2198 1588 id,
2247 1517 2401 1592 quod

338 1611 554 1682 volunt,
599 1611 860 1669 credunt.
945 1610 1057 1668 His
1105 1611 1278 1669 rebus
1332 1610 1589 1682 adducti,
1631 1629 1751 1668 non
1802 1608 1965 1686 prius
2006 1609 2413 1671 Viridovicem.
2470 1657 2477 1663 .

336 1702 701 1776 reliquosque
728 1702 909 1761 duces
936 1717 1023 1760 ex·
1049 1702 1304 1760 concilio
1340 1702 1660 1774 dimittunt,
1689 1700 1865 1777 quam
1907 1702 1979 1758 ab
2019 1701 2111 1758 his
2151 1701 2226 1759 sit
2266 1719 2404 1758 con-

336 1811 586 1866 cessum,
617 1813 777 1853 arma
822 1792 906 1852 uti
955 1793 1209 1870 capiant,
1250 1803 1310 1852 et
1356 1794 1429 1851 ad
1473 1805 1664 1851 castra
1704 1793 2075 1867 contendant.
2153 1793 2298 1855 Qua
2339 1811 2403 1851 re
2459 1796 2504 1847 *a

337 1886 638 1956 concessa,
665 1884 802 1957 laeti,
831 1897 896 1944 ut
922 1886 1216 1962 explorata
1241 1885 1503 1958 victoria,
1531 1885 1838 1943 sarmentis
1877 1883 2251 1962 virgultisque
2286 1885 2404 1942 col-

335 1975 523 2047 lectis,
553 1972 762 2052 quibus
789 1978 969 2036 fossas
998 1977 1401 2035 Romanorum
1431 1977 1776 2054 compleant,
1808 1976 1878 2034 ad
1908 1988 2099 2034 castra
2134 1986 2398 2055 pergunt.

414 2067 587 2127 XIX.
645 2068 837 2127 Locus
890 2081 1014 2128 erat
1067 2082 1388 2128 castrorum
1441 2069 1651 2140 edituS,
1706 2078 1766 2127 et
1824 2067 2103 2144 paulatim
2158 2069 2230 2126 ab
2283 2069 2403 2127 imo

339 2160 575 2219 acclivis
602 2160 834 2220 circiter
861 2180 1063 2238 passus
1088 2161 1264 2220 mille.
1349 2160 1489 2219 Huc
1516 2179 1729 2238 magno
1755 2178 1929 2218 cursu
1958 2160 2398 2233 contenderunt,

337 2264 402 2310 ut
429 2251 603 2328 quam
647 2252 950 2311 minimum
990 2254 1160 2330 spatii
1210 2252 1280 2310 ad
1322 2271 1385 2311 se
1426 2253 1784 2330 colligendos
1827 2253 2243 2327 armandosque
2280 2248 2496 2318 lto->Q

335 2345 523 2421 mtanis,
563 2345 814 2418 daretur,
849 2345 1274 2421 exanimatique
1313 2357 1714 2421 pervenerunt.
1799 2344 2070 2428 Sabinum,
2100 2363 2234 2402 suos
2275 2345 2400 2401 hor-

334 2445 508 2509 tatus,
537 2437 907 2514 cupientibus
932 2437 1163 2516 signum
1201 2437 1315 2496 dat.
1399 2436 1700 2512 Impeditis
1740 2435 2001 2493 hostibus
2030 2447 2270 2512 ‚propter
2309 2455 2396 2507 ea,

335 2547 462 2603 quae
494 2529 771 2601 serebant,
792 2549 989 2601 onera,
1012 2528 1202 2587 subito
1231 2529 1458 2586 duabus
1477 2529 1656 2605 portis
1683 2528 2042 2603 eruptionem
2069 2528 2193 2585 fieri
2216 2528 2393 2603 jubet.

334 2619 583 2678 Factum
611 2634 696 2680 est
738 2622 1162 2697 opportunitate
1202 2620 1619 2693 loci,‚hostium
1662 2620 1970 2677 inscientia
2000 2638 2084 2677 ·ac
2126 2620 2399 2697 defatiga-

334 2710 513 2782 tione,
544 2713 752 2770 virtute
794 2713 1062 2783 militum,
1103 2712 1464 2787 superiorum
1508 2700 1833 2790 pugnarum
1875 2712 2306 2793 exercitatione,
2335 2723 2396 2769 ut

334 2821 415 2868 ne
453 2822 632 2861 unum
677 2802 909 2877 quidem
957 2814 1282 2860 nostrorum
1330 2802 1609 2879 impetum
1659 2802 1892 2874 ferrent,
1923 2823 1992 2860 ac
2019 2804 2209 2861 statim
2237 2816 2394 2881 terga

335 2904 637 2953 verterent.
717 2895 891 2957 Quos
920 2894 1224 2971 impeditos
1258 2894 1498 2972 integris
1536 2895 1754 2953 viribus
1792 2895 2005 2953 milites
2043 2895 2222 2953 nostri
2265 2914 2394 2952 con-

335 2985 542 3054 secuti,
570 3005 843 3063 magnum
880 3005 1207 3043 numerum
1223 3005 1425 3044 eorum
1463 2986 1842 3058 occiderunt3
1885 2984 2137 3063 reliquos
2176 2987 2393 3062 equites

336 3077 676 3149 consectati,
723 3096 961 3172 paucQS,
1017 3077 1115 3152 qui
1169 3096 1242 3135 ex
1284 3077 1422 3156 fuga
1476 3091 1792 3151 evaserant,
1841 3076 2211 3153 reliquerunt.
2294 3079 2393 3137 Sic

335 3188 456 3244 uno
481 3179 738 3245 tempore
765 3180 824 3227 et
851 3153 934 3226 de
951 3169 1141 3229 navali
1168 3169 1364 3246 pugna
1404 3170 1657 3228 Sabi'nus
1696 3180 1755 3228 et
1795 3169 1869 3227 de
1911 3169 2114 3227 Sabini
2154 3166 2390 3227 victoria

336 3261 533 3318 Caesar
581 3262 791 3318 certior
847 3260 1071 3317 factus:
1134 3260 1514 3336 civitatesque
1553 3279 1754 3343 omnes
1807 3280 1869 3318 se
1923 3261 2115 3318 statim
2161 3260 2392 3341 Titurio

335 3351 694 3410 dediderunt.
778 3351 954 3423 Nam,
982 3361 1048 3410 ut
1076 3352 1147 3410 ad
1175 3353 1328 3414 bella
1353 3352 1721 3428 suscipienda
1756 3352 2056 3409 Gallorum
2097 3352 2285 3409 alacer
2327 3371 2391 3410 ac

334 3454 631 3520 promptus
658 3454 744 3502 est
760 3444 1018 3515 animus,
1048 3444 1135 3502 sic
1163 3445 1351 3502 mollis
1382 3462 1450 3501 ac
1477 3442 1715 3501 minime
1745 3443 2018 3504 resistens
2055 3443 2127 3500 ad
2167 3443 2391 3501 calami-

335 3545 482 3593 tates
509 3536 877 3610 perserendas
905 3554 1069 3593 mens
1096 3554 1296 3593 eorum
1324 3546 1427 3593 est.

417 3626 557 3692 XX.
615 3626 835 3683 Eodem
866 3624 985 3684 sere
1013 3638 1271 3701 tempore
1309 3626 1375 3683 P.
1406 3626 1668 3699 Crassus
1699 3646 1879 3701 quum
1919 3627 1979 3684 in
2021 3625 2388 3701 Aquitaniam
2425 3619 2430 3624 '

334 3718 707 3795 pervenisset,
738 3737 864 3792 quae
892 3737 1043 3794 para,
1074 3727 1138 3775 ut
1180 3715 1313 3775 ante
1363 3717 1587 3795 dictum
1628 3730 1734 3790 est,
1764 3730 1823 3776 et
1869 3718 2169 3794 regionum
2211 3717 2389 3776 latitu·
2417 3737 2422 3742 ·

339 3810 475 3888 dine
502 3821 560 3867 et
599 3810 966 3868 multitudine
1008 3808 1308 3866 hominurn
1355 3827 1427 3866 ex
1469 3810 1638 3866 tertia
1678 3820 1842 3885 parte
1883 3809 2086 3867 Galliae
2127 3819 2216 3865 est
2254 3805 2389 3865 ae'sti-
2455 3847 2459 3854 -

340 3902 571 3971 manda,
599 3920 773 3978 quum
803 3900 1147 3984 intelligeret
1176 3899 1236 3956 in
1264 3899 1355 3957 his
1383 3899 1529 3966 locis
1556 3899 1664 3957 sibi
1692 3899 1904 3956 bellum
1933 3897 2268 3973 gerendum,
2298 3898 2386 3971 ubi
