2747 4376
336 288 467 334 cst.
505 286 728 348 15—17.]
1037 285 1251 334 Lissa
1297 286 1693 334 SECUNDUS.
2318 291 2391 346 37

337 447 544 487 norum
591 429 868 505 pervenit,
917 429 1016 504 qui
1065 447 1127 486 se
1170 448 1389 504 suaque
1431 431 1626 487 omnia
1662 431 1787 487 sine
1833 431 1990 486 mora
2034 430 2376 487 dediderunt

338 521 558 577 Eorum
586 521 728 578 fines
755 520 959 578 Nervii
990 521 1346 597 attingebant
1371 541 1385 578 z
1428 541 1668 595 quorum
1699 521 1771 578 de
1798 523 2003 578 natura
2028 523 2394 596 moribusque

338 612 536 669 Caesar
565 631 739 686 quum
770 622 1067 686 quaereret‚
1097 613 1183 669 sic
1210 614 1567 688 reperiebat:
1613 620 1627 646 ‘
1649 612 1890 670 Nullum
1923 613 2139 670 aditum
2168 632 2294 670 esse
2323 613 2392 669 ad

339 721 440 761 eos
466 704 914 762 mercatoribus:
959 704 1101 760 nihil
1147 705 1265 780 pati
1308 705 1425 762 vini
1467 705 1929 779 reliquarumque
1956 724 2146 762 rerum
2177 705 2247 762 ad
2274 705 2396 762 lux-

340 795 525 852 uriam
566 786 976 871 pertinentium
1006 795 1224 867 inferri,
1254 795 1409 870 quod
1450 797 1539 853 his
1586 798 1757 854 rebus
1804 797 2241 874 relanguescere
2278 796 2396 854 ani-

337 906 464 944 mos
514 905 733 958 eorum,
779 898 836 944 et
883 888 1098 944 remitti
1147 888 1413 945 virtutem
1468 888 1895 946 existimarent:
1957 907 2082 946 esse
2135 888 2394 945 homines

340 978 491 1035 feros
533 998 874 1063 magnasque
916 979 1179 1036 virtutis:
1231 980 1576 1055 increpitare
1619 990 1788 1055 atque
1830 980 2098 1038 incusare
2146 980 2395 1055 reliquos

253 1088 274 1102 ·
340 1069 570 1147 Belgas,
599 1071 698 1146 qui
726 1089 788 1128 se
814 1071 1027 1147 populo
1054 1071 1326 1128 Romano
1352 1072 1723 1144 dedidissent,
1744 1071 2101 1148 patriamque
2128 1072 2394 1129 virtutem

336 1162 754 1238 projecissent:
805 1163 1144 1220 confirmare
1191 1182 1317 1221 sese
1364 1182 1554 1238 neque
1607 1163 1825 1241 legatos
1873 1164 2164 1235 missuroe,
2207 1182 2394 1239 neque

272 1322 281 1325 A
330 1254 515 1326 *ullam
557 1254 949 1313 conditionem
992 1255 1154 1331 pacis
1196 1257 1568 1331 accepturos!

420 1346 586 1403 XVI.
641 1347 846 1408 Quum
873 1366 973 1424 per
1002 1365 1202 1404 eorum
1237 1347 1381 1404 fines
1421 1347 1674 1405 triduum
1718 1349 1824 1405 iter
1866 1347 2115 1418 fecisset,
2147 1346 2396 1404 invenie-

338 1438 437 1494 bat
465 1457 536 1495 ex
565 1439 805 1513 captivis
833 1439 1031 1495 Sabim
1062 1437 1276 1495 flumen
1307 1439 1378 1494 ab
1407 1439 1610 1496 castris
1637 1439 1757 1496 suis
1784 1458 1901 1496 non
1933 1437 2176 1514 amplius
2217 1438 2398 1509 millia

336 1549 611 1605 passuum
641 1530 843 1587 decem
874 1531 1102 1588 abesse:
1146 1540 1304 1586 trans
1332 1530 1392 1586 id
1421 1529 1633 1588 flumen
1674 1549 1874 1588 omnes
1913 1530 2159 1587 Nervios
2200 1549 2399 1587 conse-

337 1622 512 1693 disse,
544 1621 963 1697 adventumque
991 1622 1071 1678 ibi
1100 1622 1501 1679 Romanorum
1530 1635 1861 1697 exspectare
1898 1621 2014 1679 una
2055 1640 2189 1678 curn
2233 1622 2398 1678 Atre-

341 1713 567 1771 batibus
595 1724 653 1770 et
681 1713 1121 1784 Veromanduis‚
1151 1714 1410 1771 finitimis
1443 1714 1597 1772 suis:
1645 1715 1804 1791 (nam
1849 1714 1937 1770 his
1978 1714 2234 1788 utrisque
2272 1732 2398 1789 per-

337 1817 655 1877 suaserant,
686 1804 764 1862 uti
811 1806 1052 1862 eandem
1101 1805 1235 1862 belli
1267 1805 1551 1862 fortunam
1581 1807 2033 1883 experirenturt)
2078 1806 2395 1881 exspectari

337 1898 512 1955 etiam
557 1899 627 1954 ab
669 1898 758 1954 his
797 1898 1234 1954 Aduatucorum
1276 1899 1506 1973 copiaS‚
1524 1910 1692 1972 atque
1733 1917 1857 1956 esse
1901 1899 1959 1955 in
2002 1898 2233 1955 itinere:
2276 1917 2397 1954 mu·

338 1989 510 2047 lieres
538 1991 766 2090 quique
777 2008 878 2091 per
908 2001 1132 2049 aetatem
1163 1989 1233 2046 ad
1259 2007 1512 2066 pugnam
1544 1991 1773 2047 inutiles
1796 1990 2140 2059 viderentur,
2172 1990 2231 2046 in
2263 2009 2395 2047 eum
2452 1990 2508 2029 '²¹

338 2081 534 2138 locum
583 2048 919 2158 conjecisse,
969 2079 1082 2155 quo
1136 2092 1365 2157 propter
1414 2082 1652 2157 paludes
1705 2080 1982 2139 exercitui
2041 2083 2227 2139 aditus
2280 2101 2396 2139 non

340 2185 509 2231 esset.

421 2265 619 2322 XVII.
676 2265 786 2322 His
813 2265 984 2323 rebus
1013 2266 1280 2342 cognitis,
1311 2266 1696 2341 exploratores
1738 2266 2219 2339 centurionesque
2257 2285 2399 2340 prae-

340 2357 534 2428 mittit,
563 2356 662 2431 qui
689 2357 880 2414 locum
909 2357 1181 2424 idoneum
1210 2358 1413 2414 castris
1441 2358 1711 2434 deligant.
1793 2357 2115 2431 Quumque
2156 2376 2226 2414 ex
2266 2357 2399 2413 ded-

344 2448 506 2506 ititiis
536 2448 732 2526 Belgis
758 2448 1107 2523 reliquisque
1133 2449 1318 2506 Gallis
1348 2441 1692 2524 complureS,
1723 2449 2010 2505 Caesarem
2048 2448 2252 2518 secuti,
2284 2449 2396 2505 una

342 2540 447 2598 iter
488 2541 761 2610 facerent,
804 2540 1035 2615 quidam
1078 2559 1150 2597 ex
1190 2540 1297 2611 his,
1342 2552 1407 2598 ut
1448 2552 1646 2620 postea
1686 2559 1757 2597 ex
1810 2540 2050 2616 captivis
2104 2541 2397 2615 cognitum

343 2644 446 2703 est,
477 2651 674 2689 eorum
717 2632 936 2689 dierum
988 2632 1409 2690 consuetudine
1456 2633 1677 2690 itineris
1718 2632 1896 2689 nostri
1945 2632 2231 2689 exercitus
2277 2647 2400 2706 per-

340 2724 556 2798 specta,
586 2734 756 2781 nocte
786 2723 855 2780 ad
898 2722 1146 2781 Nervios
1182 2736 1584 2800 pervenerunt,
1617 2735 1786 2799 atque
1827 2723 1897 2781 iis
1937 2723 2399 2781 demonstrarunt

343 2815 490 2872 inter
546 2816 801 2892 singulas
853 2815 1112 2891 legiones
1167 2815 1707 2890 impedimentorum
1768 2835 2040 2892 magnum
2096 2835 2398 2873 numerum

346 2906 722 2978 intercedere,
753 2926 941 2980 neque
968 2925 1095 2964 esse
1124 2907 1435 2981 quidquam
1465 2908 1702 2984 negotii,
1733 2926 1906 2982 quum
1950 2908 2133 2982 prima
2158 2907 2311 2983 legio
2339 2906 2398 2963 in

343 3009 532 3056 castra
557 2999 823 3069 venisset,
853 2999 1202 3073 reliquaeque
1231 3000 1487 3108 legiones
1513 3019 1786 3075 magnum
1828 3000 2070 3074 spatium
2117 3000 2397 3070 abessent,

242 3091 493 3186 fhanc
520 3092 634 3149 sub
654 3091 896 3147 sarcinis
927 3090 1169 3147 adoriri:
1214 3110 1327 3164 qua
1355 3092 1541 3166 pulsa,
1573 3090 2110 3166 impedimentisque
2142 3090 2398 3165 direptiS,

348 3183 614 3254 futurum,
643 3193 707 3239 ut
734 3183 968 3256 reliquae
1010 3180 1212 3240 contra
1256 3183 1570 3240 consistere
1611 3202 1726 3239 non
1774 3183 2063 3239 auderent.
2149 3182 2401 3256 Adjuva-

347 3285 438 3331 oat
480 3275 652 3331 etiam
706 3293 905 3331 eorum
947 3274 1272 3345 consilium,
1303 3275 1422 3348 qui
1450 3293 1570 3331 rem
1620 3274 1971 3344 deferebant,
2001 3273 2155 3347 quod
2196 3272 2402 3330 Nervii
2453 3325 2466 3332 .

344 3366 676 3440 antiquitusq
706 3385 883 3440 quum
926 3367 1182 3439 equitatu
1226 3367 1368 3423 nihil
1398 3382 1662 3441 possent,
1709 3365 1924 3441 (neque
1972 3366 2124 3423 enim
2176 3366 2245 3421 ad
2289 3366 2400 3423 hoc

274 3459 319 3536 g(
341 3470 565 3533 tempus
593 3459 645 3515 ei
675 3458 758 3514 rei
788 3458 1037 3527 student,
1069 3458 1188 3527 sed,
1221 3458 1497 3532 quidquid
1526 3470 1782 3533 possunt,
1812 3458 2170 3532 pedestribus
2211 3458 2398 3515 valent

342 3549 574 3629 copiis),
606 3548 719 3623 quo
764 3546 993 3605 facilius
1034 3549 1404 3606 finitimorum
1435 3551 1770 3624 equitatum,
1801 3550 1847 3606 si
1889 3549 2181 3624 praedandi
2224 3550 2399 3605 causa

343 3642 411 3698 ad
430 3645 541 3699 'eos
581 3641 848 3710 venisset,
881 3640 1242 3716 impedirent,
1273 3644 1485 3699 teneris
1529 3643 1824 3698 arboribus
1868 3642 2064 3697 incisis
2108 3653 2275 3713 atque
2319 3641 2401 3697 in-

342 3734 521 3806 flexiS,
553 3733 769 3790 crebris
798 3732 856 3789 in
885 3732 1246 3789 latitudinem
1287 3734 1459 3789 ramis
1501 3734 1703 3803 enatis,
1734 3745 1791 3790 et
1832 3733 1989 3789 rubis
2025 3732 2401 3805 sentibusque

341 3824 676 3901 interjectiS,
705 3824 1034 3895 effecerant,
1067 3835 1128 3880 ut
1155 3825 1332 3881 instar
1360 3826 1508 3881 muri
1538 3826 1625 3881 hae
1668 3844 1831 3899 sepes
1872 3824 2227 3880 munimenta
2262 3842 2399 3897 prae-

345 3927 577 3987 oerent;
622 3914 736 3991 quo
764 3935 881 3972 non
911 3914 1082 3973 modo
1127 3915 1345 3985 intrari,
1376 3916 1476 3973 sed
1518 3935 1591 3973 ne
1631 3915 1878 3991 perspici
1921 3914 2150 3987 quidem
2190 3926 2380 3987 posset
