2747 4376
315 303 455 353 cir.
489 304 718 366 25—28]
1020 302 1234 351 mssa
1282 302 1681 370 sscuxous
2316 290 2410 361 41'

317 457 382 505 et
410 465 532 505 rem
561 465 687 505 esse
716 446 776 504 in
807 457 1052 524 angusto
1078 446 1239 517 vidit,
1271 466 1460 521 neque
1490 446 1671 503 ullum
1701 465 1826 504 esse
1868 447 2209 517 subsidium,
2242 447 2391 522 quod

321 538 585 596 submitti
613 549 840 616 posset:
885 549 1053 596 scuto
1082 540 1152 595 ab
1194 539 1519 596 novissimis
1569 539 1667 596 uni
1718 539 1886 596 militi
1930 539 2207 610 detracto,
2238 539 2393 614 quod

326 631 451 707 ipse
479 630 549 689 et}
577 631 704 689 sine
745 643 912 689 scuto
957 643 1206 703 venerat,
1238 631 1297 688 in
1338 631 1582 707 primam
1632 631 1817 689 aciem
1864 631 2164 707 processit,
2196 643 2396 689 centu-

328 723 705 798 rionibusque
741 722 1080 781 nominatim
1131 723 1447 799 appellatiS,
1490 723 1741 798 reliquos
1784 723 2115 781 cohortatus
2162 724 2393 794 milites,

329 817 498 892 signa
526 816 737 873 inferre
765 827 823 873 et
849 814 1177 891 manipulos
1203 815 1397 872 laxare
1431 815 1620 890 jussit,
1650 815 1764 890 quo
1810 814 2039 873 facilius
2075 815 2282 892 gladiis
2312 815 2393 873 uti

329 918 580 984 possent.
665 908 848 984 Cujus
897 907 1144 964 adventu
1192 925 1294 983 spe
1338 907 1496 965 illata
1545 908 1842 979 militibus,
1893 926 1960 965 ac
2008 908 2397 985 redintegrato

332 1000 547 1071 anim0,
577 1018 755 1074 quum
782 1019 887 1076 pro
913 1017 976 1056 se
1003 998 1248 1075 quisque
1278 999 1337 1056 in
1367 1010 1681 1075 conspectu
1713 999 2071 1077 imperatoris
2099 1011 2158 1058 et
2185 1001 2304 1077 jam
2335 1002 2395 1058 in

330 1091 604 1149 extremis
648 1091 767 1148 suis
809 1091 982 1148 rebus
1029 1109 1264 1168 operam
1307 1110 1520 1149 navare
1563 1103 1819 1168 cuperet,
1859 1091 2097 1169 paulum
2146 1092 2394 1151 hostium

332 1183 583 1259 impetus
609 1183 866 1241 tardatus
894 1193 997 1241 est.

415 1274 644 1333 XXVI.
701 1275 898 1333 Caesar
953 1295 1132 1351 quum
1176 1275 1478 1352 septimam
1522 1276 1831 1353 legionem,
1874 1296 2002 1352 quae
2043 1275 2207 1354 juxta
2262 1298 2398 1336 con-

331 1366 578 1438 stiterat,
609 1367 746 1425 item
773 1368 968 1445 urgeri
999 1369 1071 1425 ab
1098 1369 1262 1426 hoste
1290 1368 1545 1440 vidisset,
1574 1366 2112 1427 tribunos'militum
2154 1371 2396 1442 monuit,

331 1471 400 1517 ut
438 1459 717 1535 paulatim
759 1479 886 1518 sese
928 1461 1187 1538 legiones
1230 1460 1669 1537 conjungerent,
1699 1471 1757 1518 et
1804 1479 2082 1518 conversa
2123 1462 2290 1538 signa
2338 1463 2398 1520 in

330 1551 531 1610 hostes
560 1552 850 1611 inferrent.
932 1553 1077 1615 Quo
1107 1553 1278 1625 facte,
1309 1572 1487 1627 quum
1517 1554 1662 1610 alius
1691 1553 1787 1611 alii
1816 1553 2135 1612 subsidium
2165 1555 2396 1626 ferrent,

331 1660 525 1720 neque
552 1644 839 1716 timerent,
868 1663 943 1702 ne
982 1645 1164 1703 aversi
1195 1646 1267 1702 ab
1310 1644 1474 1702 hoste
1515 1645 2089 1717 circumvenirentur,
2120 1647 2399 1705 audacius

330 1727 600 1795 resistere
644 1756 712 1795 ac
753 1735 958 1795 fortius
997 1756 1256 1815 pugnare
1294 1748 1606 1813 coeperunt.
1691 1737 1929 1796 Interim
1972 1738 2183 1796 milites
2223 1739 2399 1816 legio-

260 1901 267 1905 ·
330 1848 476 1885 num
505 1830 766 1900 duarum,
797 1849 923 1904 quae
967 1832 1027 1887 in
1067 1830 1380 1887 novissimo
1410 1830 1638 1906 agmine
1663 1829 1932 1906 praesidio
1975 1831 2399 1906 impedimentis

333 1922 581 1993 fuerant,
609 1922 813 1998 proelio
840 1921 1138 1993 nunciate,
1170 1940 1342 1979 cursu
1373 1921 1633 1993 incitato,
1660 1923 1719 1980 in
1747 1942 1973 1980 summo
1994 1923 2143 1980 colle
2174 1924 2245 1980 ab
2274 1923 2400 1982 hos-

332 2014 489 2072 tibus
519 2014 1040 2090 conspiciebantur.
1125 2015 1201 2071 Et
1228 2014 1304 2072 T.
1331 2014 1643 2086 LabienuS‚
1666 2015 1870 2072 castris
1892 2012 2139 2073 hostium
2161 2016 2398 2091 potituS,

332 2116 392 2163 et
421 2125 493 2164 ex
519 2106 651 2164 loco
677 2106 991 2183 superiore,
1022 2125 1148 2181 quae
1177 2126 1269 2164 res
1298 2106 1356 2164 in
1387 2107 1598 2165 nostris
1633 2106 1838 2165 castris
1878 2119 2234 2184 gererentur,
2266 2128 2395 2166 con·

332 2198 610 2275 spicatuS,
639 2200 926 2257 decimam
954 2199 1241 2276 legionem
1272 2200 1531 2257 subsidio
1561 2200 1770 2258 nostris
1812 2200 1981 2258 misit.
2063 2200 2190 2261 Qui
2222 2221 2398 2274 quum

333 2305 407 2349 ex
436 2292 692 2367 equitum
721 2304 779 2349 et
808 2292 1075 2349 calonum
1121 2291 1278 2368 fuga,
1310 2312 1425 2367 quo
1465 2293 1526 2349 in
1567 2292 1701 2370 loco
1740 2311 1832 2350 res
1870 2305 2040 2362 esset,
2071 2308 2401 2367 quantoque

338 2383 394 2440 in
425 2383 684 2459 periculo
711 2395 768 2442 et
797 2394 986 2441 castra
1012 2394 1069 2441 et
1098 2384 1355 2461 legiones
1385 2396 1442 2442 et
1471 2385 1777 2459 imperator
1820 2395 2159 2454 versaretur,
2191 2403 2401 2461 cogno-

337 2474 568 2546 vissent,
600 2476 741 2533 nihil
773 2476 842 2534 ad
873 2476 1227 2534 celeritatem
1257 2477 1366 2534 sibi
1397 2477 1605 2551 reliqui
1644 2478 1921 2535 fecerunt.

416 2567 674 2625 XXVII.
732 2568 961 2625 Horum
991 2569 1235 2626 adventu
1264 2580 1426 2626 tanta
1453 2587 1644 2626 rerum
1684 2571 2060 2626 commutatio
2099 2581 2187 2627 est
2229 2569 2400 2641 sacta,

338 2671 400 2717 ut
443 2661 642 2732 nostri,
685 2661 859 2718 etiam
903 2661 1003 2735 qui
1049 2661 1384 2718 vulneribus
1431 2661 1683 2719 confecti
1729 2660 2190 2738 procubuissent,
2220 2663 2402 2720 scutis

337 2752 541 2825 innixi,
568 2754 832 2829 proelium
861 2754 1320 2830 redintegrarent
1343 2775 1356 2823 3
1402 2766 1525 2812 tum
1554 2755 1807 2825 caloneS‚
1836 2754 2167 2831 perterritos
2209 2756 2401 2813 hostes

338 2845 676 2922 conspicati,
705 2846 878 2903 etiam
908 2846 1156 2903 inermes
1187 2847 1419 2924 armatis
1446 2858 1854 2918 occurrerent3
1899 2848 2122 2921 equites
2149 2847 2306 2919 vero,
2339 2858 2402 2906 ut
2449 2831 2456 2838 ⁰

334 2937 751 3013 turpitudinem
781 2938 929 3014 sugae
959 2939 1169 2996 virtute
1197 2939 1476 3010 delerent,
1505 2939 1773 2997 omnibus
1801 2939 1861 2996 in
1903 2939 2048 2996 locis
2087 2959 2296 3017 pugnae
2338 2959 2400 2999 se

336 3030 667 3107 legionariis
694 3030 974 3088 militibus
1014 3031 1365 3106 praeferrent.
1452 3031 1534 3088 At
1576 3031 1768 3089 hostes
1816 3030 1991 3089 etiam
2041 3032 2100 3089 in
2142 3032 2400 3090 extrema

335 3140 437 3198 spe
464 3122 662 3181 salutis
688 3133 908 3181 tantam
936 3123 1203 3181 virtutem
1232 3123 1640 3199 praestiterunt,
1669 3134 1753 3195 ut,
1783 3142 1959 3199 quum
1987 3124 2158 3200 primi
2201 3144 2400 3182 eorum

335 3214 703 3286 cecidissent,
731 3215 977 3291 proximi
1007 3215 1337 3292 jacentibus
1366 3216 1717 3287 insisterent,
1751 3227 1920 3291 atque
1949 3221 2248 3274 ex‘eorum
2278 3236 2403 3275 cor·

334 3308 569 3385 poribus
594 3317 954 3385 pugnarent3
999 3308 1090 3365 his
1119 3308 1378 3385 dejectiS,
1409 3320 1465 3366 et
1495 3309 1848 3366 coacervatis
1878 3309 2271 3380 cadaveribus,
2301 3309 2397 3383 qui

333 3410 718 3477 superessent,
749 3410 814 3457 ut
854 3418 925 3457 ex
971 3401 1195 3458 tumulo
1236 3402 1352 3459 tela
1399 3401 1458 3458 in
1507 3412 1733 3459 nostros
1781 3401 2158 3476 conjicerent,
2188 3413 2245 3459 et
2283 3403 2404 3477 pila

333 3504 656 3568 intercepta
681 3492 1075 3551 remitterent:
1120 3504 1185 3551 ut
1211 3514 1326 3550 non
1356 3493 1748 3569 nequidquam
1776 3505 1948 3552 tantae
1978 3494 2204 3551 virtutis
2246 3495 2403 3552 bom-

334 3585 461 3643 ines
508 3584 757 3661 judicari
813 3586 1051 3643 deberet
1107 3605 1274 3643 ausos
1322 3605 1449 3644 esse
1495 3587 1741 3644 transire
1780 3586 2122 3644 latissimum
2165 3586 2400 3656 flumen,

335 3679 649 3736 ascendere
700 3677 1004 3747 altissimas
1057 3678 1230 3753 ripaei,
1281 3678 1475 3735 subire
1523 3678 1948 3752 iniquissimum
1996 3678 2189 3734 locum
2216 3697 2229 3733 ε
2273 3696 2401 3751 quae

335 3770 530 3829 facilia
558 3788 629 3828 ex
656 3769 1012 3827 difficillimis
1042 3770 1216 3827 animi
1247 3770 1587 3847 magnitudo
1615 3770 1931 3846 redegerat.
2177 3821 2188 3826 ,

413 3861 704 3921 XXVIII.
763 3862 898 3920 Hoc
926 3863 1125 3939 proelio
1155 3862 1326 3934 facte,
1357 3874 1415 3921 et
1441 3880 1620 3939 prope
1652 3863 1722 3919 ad
1749 3860 2207 3919 internecionem
2229 3873 2403 3936 gente

333 3974 402 4012 ac
451 3954 687 4013 nomine
735 3953 1085 4013 Nerviorum
1137 3955 1392 4024 redacte,
1434 3954 1680 4031 majores
1727 3965 1887 4024 natu,
1918 3971 2061 4025 quos
2107 3949 2223 4007 una
2267 3969 2399 4008 cum

974 4047 1010 4103 4
1036 4047 1067 4080 t
