2747 4376
337 322 417 384 78
989 324 1086 373 DE
1131 324 1365 373 BELLO
1412 325 1730 375 GALLICO
2001 327 2158 392 [Car.
2191 328 2385 377 15-18

337 464 599 529 subsidio
650 466 984 525 cohortibus
1051 486 1084 524 a
1150 467 1400 539 Caesare,
1459 478 1628 543 atque
1681 468 1772 527 his
1834 469 2038 545 primis
2101 469 2399 547 legionum

341 559 603 630 duarum,
632 576 808 632 quum
854 558 962 630 hae,
1005 559 1320 636 perexiguo
1363 559 1689 618 intermisso
1735 561 1850 618 loci
1897 561 2082 637 spatio
2124 561 2284 619 inter.
2313 580 2398 633 se,

339 649 749 719 constitissent,
778 669 929 708 novo
954 668 1168 728 genere
1193 669 1402 728 pugnae
1429 652 1745 726 perterritis
1772 653 2001 725 nostris,
2028 672 2132 728 per
2173 653 2399 712 medios

341 740 722 799 audacissime
749 752 1148 817 perruperunt,
1171 760 1348 816 seque
1376 742 1512 800 inde
1539 744 1860 802 incolumes
1879 754 2237 820 receperunt.
2273 756 2277 760 '
2306 744 2400 802 Eo

339 831 436 888 die
480 831 562 893 Q.
610 831 893 890 Laberius
939 833 1156 904 Durus,
1204 833 1471 890 tribunus
1517 834 1784 907 militum,
1841 835 2198 893 interficitur.
2279 833 2396 906 Illi,

338 921 598 997 pluribus
626 923 896 981 immissis
927 925 1278 997 cohortibuS,
1307 915 1679 1000 repelluntur.

419 1013 586 1072 XVI.
644 1015 803 1074 Toto
828 1016 940 1073 hoc
968 1017 1028 1073 in
1055 1034 1267 1094 genere
1293 1035 1522 1093 pugnae,
1553 1036 1731 1092 quum
1763 1017 1871 1074 sub
1911 1017 2097 1074 oculis
2135 1017 2397 1074 omnium

342 1123 413 1162 ac
438 1124 545 1181 pro
570 1107 773 1167 castris
800 1107 1189 1179 dimicaretur,
1219 1108 1578 1165 intellectum
1618 1119 1704 1166 est
1731 1119 1957 1166 nostros
1980 1106 2209 1184 propter
2235 1127 2397 1186 grav-

341 1196 540 1255 itatem
571 1217 877 1271 armorum,
907 1197 1063 1274 quod
1102 1218 1292 1273 neque
1335 1199 1562 1275 insequi
1610 1200 1884 1258 cedentes
1926 1210 2177 1275 possent,
2207 1219 2397 1276 neque

343 1288 415 1346 ab
442 1289 621 1367 signis
649 1291 948 1349 discedere
977 1291 1269 1362 auderent,
1298 1289 1492 1348 minus
1529 1303 1690 1366 aptos
1717 1309 1844 1348 esse
1873 1291 1943 1348 ad
1962 1280 2140 1367 'hujus
2166 1292 2395 1368 generis

343 1380 602 1452 hostem3
646 1382 867 1459 equites
898 1393 1088 1440 autem
1129 1401 1340 1459 magno
1381 1401 1514 1439 cum
1555 1382 1816 1458 periculo
1853 1382 2056 1458 proelio
2096 1383 2392 1455 dimicare,

339 1484 643 1548 propterea
695 1472 851 1550 quod
905 1474 990 1531 ini
1043 1475 1217 1532 etiam
1265 1471 1530 1531 consulto
1581 1471 1922 1549 plerumque
1969 1475 2259 1545 cederent,
2315 1484 2392 1546 et,

342 1583 518 1661 quum
559 1564 796 1640 paulum
847 1567 918 1622 ab
970 1565 1293 1643 legionibus
1335 1576 1560 1622 nostros
1603 1566 1998 1639 removissent,
2054 1584 2126 1623 ex
2178 1566 2395 1624 essedis

342 1624 657 1728 desilirent,
687 1667 745 1714 et
790 1657 1035 1732 pedibus
1072 1657 1283 1733 dispari
1331 1657 1537 1733 proelio
1583 1657 2012 1715 contenderent.
2096 1657 2394 1732 Equestris

344 1757 532 1804 autem
577 1749 764 1822 proelii
809 1749 956 1806 ratio
998 1760 1055 1807 et
1110 1749 1451 1812 cedentibus
1493 1761 1552 1807 et
1594 1749 2028 1825 insequentibus
2069 1767 2172 1824 par
2208 1756 2394 1823 atque

342 1838 496 1896 idem
521 1840 845 1914 periculum
892 1839 1203 1898 inferebat:
1272 1840 1613 1898 Accedebat
1653 1840 1788 1912 huc,
1818 1852 1882 1899 ut
1923 1859 2217 1915 nunquam
2260 1860 2395 1898 con·

342 1929 491 2002 serti,
534 1931 634 1989 sed
675 1931 789 1988 rari
829 1932 1169 2008 magnisque
1210 1932 1522 1989 intervallis
1561 1932 1979 2007 proeliarentur,
2009 1932 2394 2007 stationesque

341 2022 644 2097 dispositas
672 2023 965 2093 haberent,
997 2034 1167 2097 atque
1196 2023 1336 2080 alios
1366 2022 1463 2080 alii
1491 2023 1764 2098 deinceps
1791 2023 2140 2098 exciperent,
2162 2023 2396 2101 integri·

341 2133 454 2190 que
482 2125 538 2172 et
566 2125 827 2172 recentes
855 2114 1179 2192 defatigatis
1205 2114 1601 2172 succederent.

421 2206 617 2264 XVII.
674 2205 913 2265 Postero
938 2208 1033 2264 die
1057 2207 1259 2282 procul
1290 2225 1332 2263 a
1350 2206 1554 2264 castris
1582 2206 1774 2264 hostes
1802 2206 1862 2263 in
1896 2206 2142 2263 collibus
2183 2207 2396 2264 consti-

340 2309 553 2369 terunt,
604 2299 832 2375 rarique
885 2318 948 2357 se
1000 2298 1319 2369 ostendere,
1363 2308 1421 2356 et
1464 2296 1655 2356 lenius
1707 2296 1881 2372 quam
1932 2297 2118 2373 pridie
2168 2296 2395 2356 nostros

341 2390 562 2465 equites
588 2391 792 2466 proelio
817 2391 1100 2449 lacessere
1127 2401 1441 2466 coeperunt.
1526 2389 1643 2447 Sed
1685 2388 1946 2460 meridie,
1976 2408 2153 2463 quum
2195 2390 2395 2447 Caesar

339 2482 650 2557 pabulandi
680 2482 856 2540 causa
882 2494 998 2540 tres
1024 2482 1281 2559 legiones
1310 2493 1481 2556 atque
1512 2499 1742 2539 omnem
1782 2480 2100 2555 equitatum
2142 2499 2277 2538 cum
2320 2482 2391 2540 C.

341 2574 641 2633 Trebonio
667 2575 858 2652 legato
884 2574 1150 2646 misisset,
1179 2572 1416 2649 repente
1445 2592 1517 2630 ex
1542 2571 1810 2629 omnibus
1835 2572 2094 2648 partibus
2121 2572 2193 2629 ad
2219 2573 2397 2649 pabu-

340 2665 549 2723 latores
579 2667 998 2732 advolaverunt,
1028 2666 1133 2737 sic,
1161 2665 1245 2723 uti
1278 2667 1348 2722 ab
1376 2664 1556 2742 signis
1594 2664 2033 2741 legionibusque
2062 2683 2179 2727 non
2223 2665 2397 2728 absis-

340 2766 542 2815 terent.
625 2756 845 2828 Nostri,
878 2757 1083 2814 acriter
1126 2757 1185 2814 in
1226 2776 1327 2814 eos
1368 2756 1582 2831 impetu
1625 2755 1797 2825 sacto,
1828 2756 2177 2831 repulerunt,
2206 2775 2394 2831 neque

339 2849 513 2906 finem
556 2848 832 2923 sequendi
874 2848 1153 2920 fecerunt,
1183 2848 1370 2923 quoad
1413 2848 1671 2917 subsidio
1711 2847 1912 2904 confisi
1949 2848 2188 2921 equites,
2218 2867 2392 2922 quum

338 2951 467 3017 post
494 2959 555 2998 se
581 2940 837 3017 legiones
864 2940 1140 3010 viderent,
1167 2940 1491 3015 praecipites
1519 2939 1711 2996 hostes
1750 2949 1991 3015 egerunt
2015 2959 2028 2995 ε
2071 2958 2396 3016 magnoque

341 3051 539 3090 eorum
579 3050 822 3089 numero
869 3031 1190 3102 interfecto,
1220 3049 1409 3105 neque
1453 3030 1539 3087 sui
1589 3030 1898 3107 colligendi
1947 3048 2135 3104 neque
2182 3030 2397 3088 consis-

340 3125 497 3182 tendi
528 3135 624 3181 aut
664 3142 735 3181 ex
771 3123 990 3182 ,essedis
1038 3122 1338 3180 desiliendi
1386 3122 1714 3202 facultatem
1766 3121 2062 3179 dederunt.
2148 3121 2238 3179 Ex
2285 3122 2397 3179 hac

342 3215 478 3292 fuga
504 3215 782 3291 protinuS‚
812 3234 938 3289 quae
980 3215 1235 3289 undique
1276 3223 1684 3284 convenerant,
1715 3214 1928 3270 auxilia
1967 3213 2393 3271 discesserunt:

339 3324 530 3381 neque
555 3317 684 3382 post
714 3305 770 3362 id
798 3316 1024 3381 ternpus
1066 3325 1315 3380 unquam
1359 3304 1599 3362 summis
1638 3304 1942 3362 nobiscum
1983 3304 2165 3379 copiis
2205 3304 2397 3362 hostes
2420 3308 2457 3338 ·'

341 3398 776 3455 contenderunt.
2386 3449 2397 3460 ,

420 3489 646 3547 XVIII.
704 3488 919 3559 Caesar,
950 3488 1185 3565 cognito
1212 3487 1458 3545 consilio
1497 3506 1716 3559 eorum,
1749 3487 1819 3544 ad
1861 3486 2075 3544 flumen
2116 3486 2396 3544 Tamesin

343 3582 402 3640 in
428 3582 571 3638 fines
599 3580 1016 3640 Cassivellauni
1064 3580 1382 3637 exercitum
1426 3579 1621 3649 duxit;
1669 3578 1820 3653 quod
1869 3577 2083 3655 flumen
2124 3597 2243 3634 uno
2279 3596 2398 3634 orn-

342 3675 482 3731 nino
508 3674 639 3730 loco
672 3672 934 3748 pedibus,
966 3682 1135 3744 atque
1178 3671 1291 3728 hoc
1333 3690 1504 3747 aegre,
1532 3671 1763 3727 transiri
1800 3679 2004 3744 potest.
2089 3668 2178 3725 Εό
2221 3687 2395 3743 quum

342 3766 610 3835 venisset,
656 3764 910 3820 animum
955 3762 1196 3819 advertit
1239 3762 1309 3818 ad
1359 3763 1591 3819 alteram
1637 3760 1891 3817 fluminis
1931 3760 2112 3834 ripam
2159 3776 2398 3837 magnas

343 3876 469 3915 esse
497 3856 692 3933 copias
721 3854 966 3912 hostium
1000 3854 1343 3911 instructas:
1387 3854 1513 3928 ripa
1540 3861 1728 3912 autern
1769 3861 1893 3909 erat
1935 3850 2120 3908 acutis
2159 3851 2398 3910 sudibus

341 3948 589 4021 praefixis
636 3947 889 4016 munita3
940 3945 1310 4022 ejusdemque
1356 3944 1585 4022 generis
1631 3942 1738 3999 sub
1788 3941 1935 4017 aqua
1980 3941 2180 4000 defixas
2227 3943 2397 4000 sudes
