2747 4376
143 1458 189 1509 1‘

348 266 418 323 14
804 284 806 289 >
1013 262 1106 310 m:
1149 262 1382 310 BELLo
1430 262 1751 310 GAmeo
1947 228 1958 239 ’
2015 264 2170 326 [cn.
2203 262 2407 310 §zo-92.

344 405 441 463 illa
466 394 591 464 esse
623 425 770 477 vera,
791 423 901 463 nec
924 423 1266 481 quemquam
1290 423 1360 462 ex
1382 423 1453 462 eo
1471 406 1620 481 plus,
1645 405 1819 480 quam
1842 425 1923 475 se,
1946 405 2159 462 doloris
2179 423 2406 480 capere,

345 509 645 573 propterea
691 498 866 572 quod,
922 517 1097 572 quum
1132 499 1265 574 ‘ipse
1321 498 1506 574 gratia
1553 494 1868 573 plurimum
1917 497 2071 555 domi
2123 508 2293 571 atque
2348 497 2406 553 in

348 589 566 664 reliqua
593 589 803 660 Gallia,
837 588 930 647 ille
959 586 1264 645 minimum
1303 599 1533 665 propter
1578 587 2024 645 adolescentiam
2065 603 2277 663 posset,
2307 606 2409 663 per

232 708 255 734 ψ
344 697 409 738 se
437 680 741 738 crevisset:
786 680 994 754 quibus
1022 681 1228 771 opipus
1259 699 1326 737 ac
1355 681 1545 738 nervis
1573 696 1689 737 non
1718 677 1906 736 solum
1936 680 2007 736 ad
2036 672 2409 737 minuendam

347 772 610 849 gratiam,
640 772 740 829 sed
767 790 933 847 paene
964 772 1034 828 ad
1061 772 1379 848 perniciem
1415 791 1579 829 suam
1620 782 1909 829 uteretur:
1953 790 2081 828 sese
2116 781 2309 828 tamen
2352 781 2411 828 et

350 882 542 921 amore
587 863 836 921 fraterno
888 874 946 921 et
987 863 1411 922 existimatione
1464 863 1621 940 vulgi
1675 862 2042 920 commoveri.
2122 861 2307 924 Quod
2362 862 2408 919 si

349 955 484 1032 quid
533 954 588 1014 ei
634 974 668 1013 a
715 955 946 1013 Caesare
993 955 1223 1034 gravius
1275 955 1601 1027 accidisset,
1645 973 1832 1035 quum*
1873 954 1995 1031 ipse
2043 973 2176 1013 eum
2217 955 2412 1012 locum

351 1046 619 1106 mnioitiae
650 1046 796 1122 apud
842 1065 975 1105 eum
1021 1058 1264 1119 teneret,
1294 1047 1585 1105 neminem
1635 1045 2116 1118 existimaturum,
2144 1065 2260 1104 non
2304 1046 2412 1103 sua

350 1136 640 1197 voluntate
668 1137 917 1196 sactum':
961 1140 1075 1214 qua
1105 1158 1175 1197 ex
1203 1157 1266 1196 re
1295 1139 1570 1211 futurum,
1601 1137 1684 1196 uti
1723 1138 1901 1195 totius
1940 1137 2146 1195 Galliae
2176 1137 2352 1194 animi
2382 1157 2414 1192 a

349 1246 412 1286 se
454 1230 876 1287 averterentur?
962 1229 1109 1287 Haec
1157 1249 1333 1305 quum
1377 1229 1639 1307 pluribus
1683 1229 1872 1287 verbis
1916 1228 2061 1287 flens
2102 1248 2135 1286 a
2181 1228 2414 1286 Caesare

350 1330 588 1396 peteret,
617 1320 813 1379 Caesar
862 1321 986 1396 ejus
1033 1322 1289 1378 dextram
1327 1321 1598 1397 prendit:
1640 1320 1971 1378 consolatus
2013 1330 2195 1397 rogat,
2239 1320 2414 1377 finem

222 1396 552 1470 iffcorandi
582 1412 785 1470 faciat.
829 1413 974 1470 tanti
1016 1413 1141 1489 ejus
1184 1413 1333 1488 apud
1377 1431 1439 1470 se
1479 1413 1723 1489 gratiam
1766 1430 1891 1469 esse
1930 1412 2200 1482 ostendit,
2232 1409 2311 1468 uti
2358 1422 2482 1471 et<
2539 1438 2564 1455 η

266 1546 275 1555 »
350 1504 727 1580 reipublicae
714 1505 980 1581 injuriam
1009 1515 1067 1562 et
1093 1524 1259 1561 suum
1291 1505 1546 1561 dolorem
1576 1505 1702 1579 ejus
1730 1503 2028 1561 voluntati
2017 1522 2106 1560 ac
2143 1482 2443 1603 precibus

352 1596 658 1653 condonet.
705 1595 1160 1671 Dumnorigem
1193 1597 1262 1652 ad
1291 1615 1354 1653 se
1390 1606 1588 1665 vocat3
1634 1595 1864 1652 fratrem
1896 1594 2156 1664 adhibet;
2200 1614 2326 1669 quae
2357 1594 2415 1650 in

352 1704 424 1744 eo
451 1653 849 1763 reprehendat,
878 1687 1162 1755 ostendit;
1207 1707 1334 1762 quae
1372 1687 1495 1764 ipse
1537 1686 1838 1763 intelligat,
1866 1706 1994 1762 quae
2040 1687 2243 1743 civitas
2282 1704 2418 1761 que·

352 1789 528 1850 ratur,
574 1780 870 1853 proponit:
929 1789 1142 1849 monet,
1192 1790 1256 1835 ut
1310 1779 1370 1836 in
1425 1778 1708 1852 reliquum
1764 1789 1990 1854 tempus
2043 1796 2243 1835 omnes
2297 1796 2420 1834 sus-

351 1869 612 1945 piciones
666 1870 835 1938 vitet;
889 1870 1177 1944 praeterita
1224 1888 1284 1926 se
1333 1869 1625 1926 Divitiaco
1673 1869 1831 1926 fratri
1880 1871 2207 1927 condonare
2256 1869 2414 1926 dicit.

354 1960 701 2037 Dumnorigi
745 1960 1015 2019 custodes
1055 1960 1238 2036 ponit,
1268 1971 1352 2029 ut,
1382 1980 1509 2036 quae
1560 1969 1709 2037 agat,
1739 1961 2085 2037 quibuscum
2131 1952 2416 2037 loquatur,

354 2052 505 2110 scire
550 2053 745 2128 possit.

435 2143 604 2203 XXI.
664 2144 884 2203 Eodem
940 2145 1034 2202 die
1090 2145 1162 2201 ab
1209 2143 1665 2220 exploratoribus
1720 2145 1930 2203 certior
1979 2145 2165 2203 factus
2228 2145 2419 2204 hostes

355 2237 462 2293 sub
503 2247 697 2295 monte
738 2236 1068 2294 consedisse
1109 2236 1289 2293 millia
1330 2255 1605 2312 passuum
1656 2238 1726 2294 ab
1775 2237 1955 2313 ipsius
2001 2237 2205 2295 castris
2248 2250 2415 2307 octo;

357 2328 541 2403 qualis
568 2340 717 2385 esset
756 2340 963 2385 natura
1004 2328 1235 2399 mentia,
1265 2338 1323 2385 et
1366 2328 1552 2403 qualis
1592 2328 1652 2385 in
1702 2328 1951 2386 circuitu
1998 2348 2290 2400 ascensuS,
2320 2331 2416 2404 qui
2501 2368 2509 2378 ·

357 2431 793 2496 cognoscerent,
849 2420 1020 2477 misit.
1131 2419 1568 2477 Renunciatum
1625 2430 1730 2491 est,
1788 2420 2016 2478 facilem
2072 2439 2212 2479 esse.
2324 2421 2414 2478 De

355 2511 524 2568 tertia
567 2512 761 2588 vigilia
798 2511 874 2569 T.
908 2511 1248 2582 Labienum,
1277 2512 1542 2588 legatum„
1571 2531 1677 2587 pro
1719 2523 1982 2589 praetore,
2013 2531 2148 2569 cum
2197 2512 2420 2569 duabus

356 2601 680 2679 legionibus
707 2613 765 2660 et
793 2603 864 2659 iis
892 2602 1159 2673 ducibus,
1189 2602 1287 2676 qui
1317 2603 1423 2659 iter
1454 2615 1861 2678 cognoverant,
1891 2623 2178 2660 summum
2215 2603 2416 2680 jugum

354 2693 568 2749 montis
596 2694 906 2751 ascendere
930 2693 1094 2768 jubet
1117 2714 1130 2763 ;
1175 2692 1313 2767 quid
1341 2693 1431 2748 sui
1461 2693 1690 2750 consilii
1719 2694 1811 2764 sit,
1834 2695 2099 2751 ostendit.
2183 2695 2317 2770 Ipse
2346 2696 2418 2752 de

357 2795 560 2859 quarta
586 2785 782 2862 vigilia
810 2784 1014 2842 eodem
1044 2784 1268 2855 itinere,
1299 2803 1414 2857 quo
1442 2783 1633 2840 hostes
1661 2784 1864 2854 ierant,
1889 2784 1958 2840 ad
1980 2801 2079 2839 eos
2102 2786 2418 2855 contendit,

357 2876 788 2951 equitatumque
816 2895 1048 2962 omnem
1077 2886 1208 2933 ante
1235 2893 1296 2932 se
1326 2874 1515 2933 mittit.
1600 2874 1664 2932 P.
1696 2873 2027 2945 ConsidiuS‚
2058 2875 2154 2950 qui
2183 2876 2267 2933 rei
2297 2876 2417 2933 mil-

357 2968 518 3026 itatis
544 2968 922 3044 peritissimus
950 2967 1287 3040 habebatur,
1318 2978 1375 3023 et
1406 2966 1464 3023 in
1506 2967 1763 3023 exercitu
1807 2966 1871 3023 L.
1905 2967 2081 3023 Sullae
2123 2978 2181 3024 et
2220 2979 2415 3042 postea

358 3057 418 3117 in
449 3058 531 3116 M.
563 3059 757 3117 Crassi
788 3060 992 3129 fuerat,
1023 3077 1158 3115 curn
1187 3057 1640 3132 exploratoribus
1666 3057 2045 3133 praemittitur.

436 3151 637 3208 XXII.
694 3151 889 3208 Prima
916 3151 1069 3220 luce,
1100 3168 1276 3223 quum
1317 3167 1575 3206 summus
1616 3168 1781 3206 mons
1823 3169 1856 3206 a
1895 3148 1970 3207 T.
2004 3149 2264 3206 Labieno
2300 3161 2419 3222 ten-

357 3252 568 3313 eretur,
600 3242 720 3318 ipse
751 3242 820 3298 ab
848 3241 1096 3298 hostium
1126 3240 1330 3298 castris
1363 3259 1479 3298 non
1522 3221 1753 3317 longius
1794 3241 1950 3298 mille
1992 3250 2048 3298 et
2089 3241 2418 3318 quingentis

356 3333 620 3407 passibus
669 3333 908 3403 abesset,
950 3350 1158 3405 neque,
1215 3342 1279 3390 ut
1315 3342 1518 3407 postea
1562 3351 1632 3389 ex
1676 3332 1915 3408 captivis
1969 3333 2267 3407 comperit,
2324 3345 2420 3390 aut

358 3423 539 3498 ipsius
587 3424 860 3481 adventus
910 3434 1006 3480 aut
1045 3423 1287 3481 Labieni
1337 3423 1606 3500 cognitus
1648 3435 1817 3494 esset,
1874 3423 2207 3495 Considius»,
2264 3443 2415 3499 equo

360 3516 627 3587 admisso,
678 3515 748 3573 ad
789 3534 925 3576 eum
969 3515 1253 3584 accurrit;
1317 3516 1461 3573 dicit
1520 3528 1793 3585 montem,
1849 3534 2018 3589 quem
2076 3535 2109 3573 a
2160 3515 2421 3574 Labieno

358 3607 631 3683 occ'upari
673 3607 934 3679 voluerit,
986 3609 1056 3663 ab
1103 3607 1362 3665 hostibus
1409 3606 1625 3677 teneri3
1672 3606 1728 3663 id
1777 3625 1840 3664 se
1888 3625 1922 3663 a
1964 3607 2208 3664 Gallicis
2251 3608 2421 3676 armis

360 3710 530 3775 atque
559 3699 879 3776 insignibus
907 3700 1260 3776 cognovisse.
1347 3698 1542 3756 Caesar
1584 3718 1716 3756 suas
1758 3697 1960 3772 copias
2002 3698 2060 3754 in
2096 3699 2419 3774 proximum

359 3792 563 3849 collem
595 3791 882 3862 subducit,
914 3792 1097 3849 aciem
1137 3791 1383 3848 instruit.
1468 3790 1780 3860 LabienuS,
1811 3800 1874 3846 ut
1915 3800 2037 3846 erat
2078 3791 2129 3847 ei
2173 3808 2421 3865 praecep-

358 3893 480 3940 tum
511 3902 543 3939 a
570 3883 817 3951 Caesaoe,
847 3900 922 3942 ne
949 3884 1210 3958 proelium
1242 3883 1643 3951 committeret,
1673 3882 1782 3938 nisi
1816 3881 1993 3955 ipsius
2030 3882 2211 3955 copiae
2242 3897 2419 3956 prope
