2747 4376
358 302 492 352 cu.
528 303 693 365 1-s.]
1064 260 1297 350 ‘mar-m
1340 300 1695 360 QUARTUS.
2336 305 2416 364 67

357 444 495 516 rint,
545 463 608 502 se
655 454 825 519 atque
873 443 1000 501 illos
1045 443 1218 502 alunt.
1304 443 1388 501 Hi
1433 461 1633 502 rursus
1685 442 1934 502 invicem
1980 461 2133 502 anno
2172 444 2304 521 post
2356 445 2418 503 in

363 537 538 593 armis
581 546 743 605 sunt3
788 535 871 592 illi
916 536 1071 593 domi
1119 547 1433 593 remanent.
1518 536 1621 593 Sic
1663 522 1851 610 'neque
1899 535 2267 612 agricultura,
2307 554 2419 595 nec

361 627 512 684 ratio
560 638 727 701 atque
758 646 912 684 *usus
959 628 1094 684 belli
1150 628 1559 686 intermittitur.
1645 628 1762 685 Sed
1803 626 2007 704 privati
2058 646 2126 684 ac
2171 628 2416 703 separati

364 720 486 795 agri
517 720 666 795 apud
692 737 791 776 eos
818 719 962 776 nihil
1000 729 1117 789 est;
1160 738 1348 795 neque
1389 717 1620 796 longius
1663 738 1814 777 anno
1859 737 2155 777 remanere
2199 740 2316 776 uno
2357 720 2417 777 in

361 810 495 867 loco
523 810 813 868 incolendi
840 811 1016 868 causa
1043 811 1197 868 licet.
1280 810 1491 886 Neque
1518 810 1761 869 multum
1792 812 2096 882 frumento,
2126 812 2226 868 sed
2263 830 2417 869 max-

363 900 539 958 imam
585 912 804 976 partem
846 901 998 960 lacte
1046 913 1217 977 atque
1262 920 1473 978 pecore
1518 902 1734 973 vivunt,
1782 900 2141 977 multumque
2182 913 2315 961 sunt
2357 903 2470 990 inl<

363 992 797 1051 venationibus,
838 1011 965 1068 quae
1008 1012 1101 1051 res
1142 1003 1200 1051 et
1248 994 1366 1051 cibi
1413 1011 1625 1070 genere
1672 1004 1730 1051 et
1770 993 2103 1068 quotidiana
2143 995 2419 1052 exercita-

364 1083 523 1142 tione
562 1095 620 1142 et
656 1084 917 1142 libertate
956 1085 1086 1142 vitae
1116 1083 1320 1160 (quod,
1351 1104 1386 1141 a
1424 1085 1618 1160 pueris
1659 1085 1820 1142 nullo
1866 1085 2059 1143 officio
2105 1095 2201 1143 aut
2248 1086 2419 1144 disci-
2427 1066 2534 1145 N

363 1175 524 1251 plina
575 1176 900 1248 assuefacti,
954 1176 1096 1234 nihil
1146 1176 1385 1234 omnino
1425 1187 1627 1234 contra
1678 1177 2026 1235 voluntatem
2075 1176 2314 1256 faciant)
2360 1188 2420 1236 et

362 1267 521 1331 vires
560 1267 676 1339 alit,
726 1277 783 1326 et
826 1268 1063 1325 immani
1111 1286 1418 1343 corporum
1461 1268 1857 1345 magnitudine
1911 1269 2170 1326 homines
2223 1269 2416 1328 efficit.

363 1359 603 1460 Atque
590 1378 651 1415 m
678 1377 806 1417 eam
846 1376 908 1417 se
948 1359 1427 1417 consuetudinem
1471 1360 1849 1432 adduxerunt,
1882 1370 1945 1417 ut
1989 1360 2133 1417 locis
2176 1360 2421 1438 frigidis-

328 1504 331 1509 .
361 1449 527 1507 simis
553 1468 741 1526 neque
766 1450 1005 1508 vestitus
1030 1461 1233 1527 praeter
1273 1450 1454 1526 pelles
1493 1451 1743 1509 habeant
1783 1451 2116 1526 quidquam,
2149 1444 2419 1528 (quarum‘

360 1552 594 1643 propter
622 1542 991 1620 exiguitatem
1018 1561 1228 1619 magna
1253 1552 1341 1599 est
1366 1543 1624 1618 corporis
1650 1561 1782 1620 pars
1809 1543 2054 1622 aperta),
2077 1553 2135 1600 et
2160 1542 2420 1602 laventur

363 1632 427 1689 in
455 1632 805 1692 fluminibus.

442 1723 521 1782 ΙΙ.
579 1723 1001 1783 Mercatoribus
1027 1736 1116 1783 est
1154 1725 1224 1783 ad
1272 1743 1372 1783 eos
1415 1725 1603 1783 aditus
1648 1724 1833 1803 magis
1872 1723 1965 1797 eo,
1994 1734 2059 1783 ut
2098 1744 2226 1801 quae
2268 1725 2419 1785 bello

363 1816 646 1892 ceperint,
676 1817 883 1892 quibus
912 1817 1178 1888 vendant,
1208 1816 1476 1889 habeant,
1505 1815 1678 1893 quarn
1705 1815 1821 1891 quo
1861 1816 2037 1874 ullam
2081 1835 2201 1875 rem
2244 1817 2316 1875 ad
2354 1836 2418 1877 se
2459 1854 2474 1865 .

363 1906 660 1984 importari
713 1907 1073 1966 desiderent:
1136 1908 1275 1984 quin
1328 1908 1502 1966 etiam
1557 1908 1849 1985 jumentis,
1906 1908 2115 1984 quibus
2168 1908 2415 1967 maxime

361 1999 557 2058 Gallia
581 1999 916 2072 delectatur,
944 2018 1186 2075 quaeque
1223 1999 1484 2076 impenso
1520 2010 1723 2076 parant
1762 2000 1949 2076 pretio
1987 2000 2286 2071 Germani,
2317 2001 2419 2058 im-

362 2091 603 2168 portatis
650 2091 710 2148 hi
753 2109 869 2148 non
914 2101 1189 2149 utuntur:
1231 2091 1352 2162 sed,
1396 2111 1522 2167 quae
1563 2103 1696 2149 sunt
1735 2091 1883 2168 apud
1924 2109 2025 2149 eos
2064 2103 2217 2163 nata,
2246 2110 2419 2167 parva

368 2195 539 2259 atque
586 2181 882 2264 deformia,
925 2183 1050 2241 haec
1093 2183 1427 2258 quotidiana
1474 2183 1903 2256 exercitatione,
1943 2183 2151 2241 summi
2200 2195 2265 2241 ut
2304 2183 2420 2243 sint

364 2275 596 2346 laboriS,
625 2262 898 2333 efficiunt.
981 2275 1359 2350 Equestribus
1385 2276 1601 2350 proeliis
1636 2293 1786 2350 saepe
1813 2294 1885 2332 ex
1920 2275 2087 2349 equis
2125 2275 2418 2346 desiliunt,

369 2388 438 2425 ac
488 2369 733 2444 pedibus
783 2369 1138 2444 proeliantur,
1193 2386 1485 2443 equosque
1547 2368 1751 2426 eodem
1817 2386 2114 2425 remanere
2179 2368 2421 2450 vestigio
2467 2407 2472 2412 -

369 2460 788 2530 assuefaciunt3
834 2460 904 2517 ad
951 2479 1094 2534 quos
1136 2477 1199 2517 se
1244 2460 1529 2530 celeriter,
1557 2475 1734 2533 quum
1776 2477 1915 2516 usus
1960 2469 2065 2528 est,
2093 2459 2417 2533 recipiunt:

366 2570 555 2625 neque
581 2570 780 2609 eorum
822 2551 1077 2608 moribus
1119 2551 1342 2626 turpius
1381 2550 1693 2625 quidquam
1739 2561 1837 2607 aut
1879 2549 2118 2608 inertius
2159 2550 2417 2621 habetur,

368 2641 541 2718 quam
587 2642 870 2718 ephippiis
916 2642 1018 2700 uti.
1103 2641 1306 2717 Itaque
1356 2642 1427 2699 ad
1476 2641 1734 2716 quemvis
1780 2640 2082 2721 numerum
2130 2642 2420 2718 ephippia-

364 2745 557 2792 torum
584 2734 841 2809 equitum
867 2733 1125 2809 quamvis
1151 2734 1325 2811 pauci
1355 2734 1512 2791 adire
1542 2733 1769 2791 audent.
1852 2733 2070 2791 Vinum
2112 2734 2183 2791 ad
2211 2752 2273 2792 se
2300 2753 2419 2792 orn-

364 2826 509 2883 'nino
535 2825 826 2902 importari
866 2844 985 2883 non
1028 2825 1243 2897 sinunt,
1273 2823 1430 2900 quod
1474 2824 1543 2882 ea
1592 2842 1655 2882 re
1703 2824 1773 2882 ad
1820 2824 2071 2883 laborem
2119 2824 2417 2884 ferendum

365 2918 766 2975 remollescere
792 2917 1054 2975 homines
1082 2927 1251 2992 atque
1278 2916 1596 2974 effeminari
1626 2916 1987 2975 arbitrantur.

446 3008 554 3066 ΙΙΙ.
609 3006 851 3066 Publice
895 3008 1201 3066 maximam
1245 3018 1451 3084 putant
1492 3026 1619 3066 esse
1659 3007 1890 3065 laudem
1923 3006 2096 3082 quam
2137 3007 2416 3067 latissime
2495 3017 2504 3028 ‘

369 3118 404 3157 a
429 3100 548 3158 suis
573 3099 783 3157 finibus
808 3118 1014 3158 vacare
1044 3118 1245 3176 agros:
1290 3099 1401 3156 hac
1445 3117 1509 3156 re
1555 3098 1868 3176 significari
1909 3118 2180 3176 magnum
2219 3118 2419 3159 nume-

366 3210 496 3249 rum
524 3191 840 3249 civitatium
868 3209 1031 3248 suam
1060 3191 1171 3248 vim
1201 3190 1484 3248 sustinere
1519 3209 1637 3247 non
1676 3209 1861 3265 posse.
1944 3190 2145 3265 Itaque
2186 3191 2303 3248 una
2346 3208 2419 3250 ex

364 3293 527 3360 parte
556 3302 590 3340 a
612 3282 824 3340 Suevis
852 3282 1081 3339 circiter
1108 3282 1289 3339 millia
1311 3301 1586 3358 passuum
1613 3281 1724 3339 DC
1749 3281 1869 3358 agri
1895 3300 2099 3339 vacare
2126 3282 2414 3342 dicuntur.

366 3374 463 3431 Ad
495 3374 727 3431 alteram
761 3384 984 3449 partem
1024 3374 1345 3431 succedunt
1385 3373 1543 3444 Ubii,
1573 3391 1814 3448 quorum
1856 3372 1963 3430 fuit
2002 3374 2202 3431 civitas
2230 3375 2419 3450 ampla

368 3465 795 3540 atqueflorenS,
824 3475 888 3522 ut
915 3474 1001 3523 est
1041 3475 1240 3541 captus
1281 3465 1722 3535 Germanorum,
1751 3474 1809 3521 et
1849 3464 2417 3540 pau16,qaem·sunt

366 3557 624 3632 ejusdem
668 3557 916 3634 generis,
943 3565 1009 3642 q
1049 3556 1256 3614 ceteris
1301 3556 1688 3626 humaniores,
1714 3566 2015 3631 propterea
2057 3555 2211 3630 quod
2259 3556 2417 3613 Rhe-

366 3668 506 3705 num
537 3649 842 3726 attingunt‚
871 3647 1230 3722 multumque
1261 3648 1331 3704 ad
1369 3666 1470 3705 eos
1507 3658 1854 3706 mercatores
1894 3647 2193 3728 ventitant,
2222 3657 2280 3703 et
2309 3646 2415 3721 ipsi

365 3752 593 3817 propter
620 3740 1100 3816 propinquitatem
1136 3739 1378 3797 Gallicis
1420 3748 1553 3796 sunt
1591 3739 1844 3796 moribus
1887 3736 2207 3794 assuefacti.
2292 3736 2419 3793 Hos

370 3852 546 3908 quum
591 3832 785 3903 Suevi,
814 3829 1010 3889 multis
1052 3850 1202 3906 saepe
1245 3830 1411 3887 bellis
1450 3831 1688 3905 experti,
1716 3841 1944 3906 propter
1986 3827 2420 3901 amplitudinem

369 3923 817 4002 gravitatemque
844 3923 1091 3981 civitatis
1130 3921 1341 3979 finibus
1380 3920 1663 3996 expellere
1706 3936 1822 3977 non
1861 3917 2198 3996 potuissent,
2225 3929 2417 3977 tamen
