2747 4376
357 314 438 374 64
1013 312 1111 363 ΒΕ
1153 312 1387 362 BELLO
1433 304 1752 364 GALLIc'o
2022 314 2178 379 [Car.
2214 313 2422 364 19—21.

359 474 463 534 per
489 455 872 532 exploratores
910 466 1144 532 pontem
1184 455 1309 514 fieri
1350 455 1782 532 comperissent,
1812 474 1972 515 more
2013 475 2120 514 suo
2165 455 2424 514 concilio

303 568 314 581 ·
361 547 576 617 habito,
606 546 851 604 nuncios
880 547 939 604 in
966 566 1168 604 omnes
1193 558 1383 623 partes
1411 548 1715 618 dimisisse,
1744 547 1829 605 uti
1871 547 1944 605 de
1984 547 2209 624 oppidis
2241 547 2422 605 demi-

360 649 610 717 grarent,
652 638 881 710 liberos,
936 657 1143 696 uxores
1197 658 1415 713 suaque
1461 640 1656 696 omnia
1711 640 1771 696 in
1827 639 1998 696 silvas
2043 640 2418 714 deponerent,

363 742 533 805 atque
560 749 780 801 omnes,
808 730 905 804 qui
936 749 1095 787 arma
1121 731 1269 788 ferre
1304 741 1556 807 possent,
1590 749 1770 788 unum
1813 731 1874 787 in
1914 731 2107 788 locum
2149 730 2423 788 conveni-

361 831 526 880 rent:
571 821 727 878 hunc
755 840 881 879 esse
907 822 1195 880 delectum
1223 823 1479 879 medium
1521 820 1641 880 fere
1682 814 1985 898 regionum
2026 840 2244 893 earum,
2274 840 2420 896 quas

363 913 539 971 Suevi
567 913 930 971 obtinerent:
973 911 1072 970 hic
1098 912 1498 971 Romanorum
1526 913 1832 970 adventum
1868 923 2216 988 exspectare,
2248 924 2421 988 atque

364 1003 443 1062 ibi
472 1004 768 1062 decertare
795 1004 1177 1062 constituisse.
1256 1004 1441 1066 Quod
1471 1005 1569 1061 ubi
1598 1003 1795 1061 Caesar
1822 1005 2120 1080 comperit,
2149 1005 2422 1062 omnibus

363 1094 455 1152 his
481 1096 651 1153 rebus
678 1095 979 1166 confectis,
1008 1113 1249 1170 quarum
1277 1114 1471 1152 rerum
1499 1095 1673 1152 causa
1704 1095 2075 1153 transducere
2101 1095 2421 1153 exercitum

364 1187 759 1257 constituerat,
789 1197 852 1243 ut
877 1186 1182 1244 Germanis
1208 1197 1428 1243 metum
1455 1185 1738 1262 injiceret,
1769 1197 1833 1243 ut
1875 1186 2208 1263 Sigambros
2251 1186 2425 1243 ulcis-

366 1290 614 1349 ceretur,
643 1288 712 1336 ut·
734 1278 915 1336 Ubios
940 1277 1241 1335 obsidione
1267 1277 1554 1351 liberaret,
1586 1278 1790 1335 diebus
1816 1277 2052 1335 omnino
2080 1277 2133 1335 X
2172 1287 2232 1335 et
2270 1276 2423 1335 VIII

365 1380 524 1427 trans
552 1369 826 1428 Rhenum
855 1369 1227 1444 consumptis,
1257 1368 1396 1425 satis
1436 1379 1494 1425 et
1522 1369 1591 1425 ad
1632 1369 1860 1426 laudem
1904 1380 1963 1426 et
2001 1369 2071 1425 ad
2112 1369 2424 1426 utilitatem

365 1460 686 1538 profectum
718 1461 1040 1531 arbitratus,
1068 1478 1131 1517 se
1159 1460 1218 1517 in
1245 1459 1494 1517 Galliam
1522 1460 1759 1535 recepit,
1786 1471 2133 1536 pontemque
2168 1460 2421 1518 rescidit.

447 1550 587 1609 XX.
645 1552 874 1629 Exigua
900 1562 1061 1627 parte
1101 1550 1313 1608 aestatis
1352 1551 1595 1625 reliqua,
1625 1550 1841 1622 Caesar,
1869 1551 1977 1608 etsi
2018 1551 2077 1608 in
2128 1551 2217 1608 his
2255 1550 2424 1623 locis,

368 1641 525 1718 quod
552 1640 740 1700 omnis
765 1632 955 1701 Gallia
983 1641 1054 1700 ad
1080 1642 1519 1717 septemtriones
1547 1643 1749 1719 vergit,
1772 1652 2007 1700 maturae
2028 1652 2162 1699 sunt
2183 1642 2425 1715 hiemes,

368 1748 562 1791 tamen
599 1733 659 1790 in
705 1733 1063 1791 Britanniam
1108 1720 1401 1809 proficisci
1442 1734 1760 1805 contendit,
1790 1733 1946 1809 quod
1991 1734 2259 1791 omnibus
2302 1732 2425 1792 fere

367 1824 610 1882 Gallicis
639 1824 802 1882 bellis
831 1824 1089 1882 hostibus
1116 1824 1327 1882 nostris
1365 1825 1501 1882 inde
1543 1825 1973 1882 subministrata
2013 1824 2224 1882 auxilia
2262 1825 2430 1883 intel-

368 1915 610 1993 ligebat:
680 1926 757 1987 et,
801 1915 851 1974 si
905 1926 1133 1991 tempus
1187 1916 1323 1973 anni
1375 1916 1446 1973 ad
1494 1916 1707 1973 bellum
1763 1916 2079 1994 gerendum
2133 1917 2427 1989 deficeret,

368 2017 560 2066 tamen
609 2026 821 2085 magno
866 2006 976 2065 sibi
1031 2008 1163 2066 usui
1218 2007 1340 2066 sore
1396 2008 1797 2080 arbitrabatur,
1852 2007 1900 2065 si
1954 2006 2125 2066 modd
2181 2008 2427 2065 insulam

372 2097 602 2170 adisset,
631 2117 816 2177 genus
855 2097 1152 2156 hominum
1191 2100 1593 2175 perspexisset,
1622 2099 1771 2170 loca,
1799 2110 2018 2175 portus,
2062 2098 2251 2156 aditus
2290 2117 2431 2176 cog-

289 2215 306 2236 2
368 2191 655 2251 novisset:
698 2211 825 2267 quae
852 2192 1049 2269 omnia
1076 2190 1196 2250 fere
1224 2192 1410 2249 Gallis
1437 2202 1602 2249 erant
1628 2192 1941 2269 incognita.
2025 2190 2234 2265 Neque
2270 2191 2427 2248 enim

271 2243 340 2318 k
369 2293 587 2342 temere
625 2295 830 2359 praeter
871 2295 1218 2342 mercatores
1258 2282 1357 2341 illd
1405 2282 1524 2340 adit
1572 2283 1892 2357 quisquam,
1945 2299 2132 2355 neque
2176 2280 2247 2338 iis
2290 2280 2429 2357 ipsis

372 2375 683 2450 quidquam
711 2389 915 2452 praeter
942 2394 1102 2433 oram
1129 2375 1473 2432 maritimam
1503 2385 1675 2449 atque
1701 2392 1798 2431 eas
1826 2372 2108 2449 regioneS,
2139 2390 2266 2446 quae
2293 2382 2450 2431 sunt·

373 2479 574 2526 contra
625 2468 864 2540 Gallias,
905 2480 1104 2525 notum
1159 2481 1262 2525 est.
1345 2465 1570 2541 Itaque,
1626 2465 1878 2522 evocatis
1934 2464 2004 2520 ad
2058 2482 2120 2521 se
2174 2464 2429 2538 undique

372 2560 807 2630 mercatoribus,
837 2578 1025 2634 neque
1053 2570 1265 2633 quanta
1292 2569 1443 2615 esset
1473 2557 1673 2614 insulae
1702 2554 2056 2633 magnitudO,
2086 2572 2274 2629 neque
2301 2574 2428 2629 quae
2511 2576 2515 2580 ·

374 2662 472 2707 aut
503 2662 731 2725 quantae
759 2651 1022 2708 nationes
1064 2650 1402 2717 incolerent,
1432 2667 1620 2722 neque
1660 2667 1829 2721 quem
1875 2665 2039 2703 usum
2084 2645 2218 2703 belli
2259 2645 2431 2703 habe-
2482 2663 2487 2670 ’

370 2751 518 2810 rent,
550 2753 645 2797 aut
681 2741 890 2815 quibus
931 2740 1205 2797 institutis
1250 2751 1566 2808 uterentur,
1595 2757 1785 2813 neque
1824 2738 1921 2813 qui
1966 2748 2156 2795 essent
2201 2736 2271 2794 ad
2312 2756 2430 2795 ma-

364 2829 554 2908 jorum
583 2832 814 2889 navium
844 2830 1266 2888 multitudinem
1297 2830 1490 2887 idonei
1516 2839 1733 2904 portus,
1764 2830 2015 2905 reperire
2042 2838 2279 2904 poterat.

450 2921 621 2979 XXI.
679 2922 774 2979 Ad
826 2923 949 2979 haec
995 2920 1419 2998 cognoscenda,
1445 2921 1777 2995 priusquam
1820 2921 2143 2996 periculum
2192 2919 2426 2991 faceret,

268 3025 328 3090 Ἃ
372 3012 642 3071 idoneum
671 3031 797 3071 esse
826 3012 1129 3070 arbitratus
1155 3011 1224 3069 C.
1253 3012 1633 3081 Volusenum,
1657 3029 1792 3067 cum
1819 3011 1949 3068 navi
1979 3011 2153 3087 longa
2178 3010 2431 3086 praernit-

371 3104 456 3163 tit.
542 3104 701 3161 Huic
738 3104 990 3175 mandat,
1019 3102 1126 3174 utI,
1155 3101 1463 3179 exploratis
1503 3102 1771 3159 omnibus
1813 3103 2003 3173 rebus,
2036 3101 2106 3159 ad
2153 3119 2216 3159 se
2256 3099 2429 3176 quam
2524 3113 2531 3119 ’

371 3193 620 3272 primum
649 3205 996 3252 revertatur:
1039 3194 1161 3270 ipse
1189 3213 1324 3251 cum
1360 3193 1630 3250 omnibus
1670 3193 1853 3269 copiis
1882 3192 1940 3250 in
1971 3192 2234 3250 Morinos
2279 3190 2435 3268 pros-

372 3287 653 3357 iciscitur,
683 3285 837 3362 quod
880 3285 1015 3344 inde
1042 3297 1165 3344 erat
1190 3285 1561 3343 brevissimus
1590 3285 1649 3342 in
1679 3284 2035 3343 Britanniam
2064 3284 2428 3359 transjectus.

373 3379 512 3436 Huc
538 3397 713 3436 naves
738 3378 997 3452 undique
1038 3393 1109 3435 ex
1148 3377 1408 3457 finitimis
1449 3376 1782 3453 regionibus
1822 3386 1878 3434 et
1918 3394 2089 3451 quam
2133 3375 2430 3451 superiore

373 3480 566 3527 aestate
595 3469 666 3526 ad
706 3468 1055 3527 Veneticum
1084 3469 1297 3526 bellum
1335 3468 1552 3526 fecerat
1593 3469 1854 3539 classem,
1895 3468 2059 3543 jubet
2100 3465 2426 3524 convenire.

372 3560 631 3631 Interim,
678 3560 923 3618 consilio
965 3560 1090 3637 ejus
1137 3561 1392 3637 cognit0,
1436 3570 1494 3617 et
1544 3575 1647 3634 per
1701 3569 2046 3616 mercatores
2098 3557 2318 3633 perlato
2358 3556 2431 3615 ad

374 3652 700 3724 Britannos,
731 3670 764 3709 a
789 3652 1179 3728 compluribus
1207 3652 1329 3728 ejus
1358 3651 1559 3708 insulae
1602 3649 1928 3707 civitatibus
1972 3647 2041 3704 ad
2083 3666 2215 3705 eum
2255 3646 2431 3726 legati

373 3743 628 3815 veniunt,
672 3743 770 3819 qui
811 3744 1192 3820 polliceantur
1238 3742 1469 3800 obsides
1515 3742 1670 3810 dare,
1729 3750 1897 3814 atque
1941 3738 2182 3813 imperio
2231 3739 2432 3814 populi

373 3834 628 3894 Romani
682 3837 1092 3912 obtemperare.
1192 3834 1432 3896 Quibus
1487 3831 1714 3902 auditiS,
1770 3829 2080 3887 liberaliter
2133 3827 2431 3904 pollicitus

373 3925 764 4003 hortatusque,
793 3938 857 3985 ut
901 3926 958 3984 in
1004 3927 1074 3985 ea
1116 3925 1404 3984 sententia
1448 3932 1872 4000 permanerent,
1915 3939 2014 3979 eos
2061 3920 2294 3978 domum
2344 3939 2433 3979 re-
