2747 4376
380 309 512 357 Ου’.
548 310 772 371 12-15]
1112 309 1325 358 LIBER
1369 311 1700 369 QUINTUS.
2354 318 2431 375 77
2487 388 2494 391 ἡ

380 451 560 509 animi
601 452 1018 528 voluptatisque
1059 454 1251 512 causa.
1335 454 1496 512 Loca
1538 465 1672 513 sunt
1713 455 2116 532 temperatiora
2157 456 2329 533 quam
2371 458 2428 516 in

378 542 593 614 Gallia,
621 544 1040 602 remissioribus
1068 545 1389 622 frigoribus,

459 634 632 693 XIII.
686 635 884 693 Insula
910 637 1116 693 natura
1156 638 1452 712 triquetra,
1482 638 1648 715 cujus
1687 658 1869 697 unum
1908 639 2059 698 latus
2101 649 2189 698 est
2230 653 2428 700 contra

378 725 646 784 Galliam.
731 727 923 803 Hujus
949 728 1144 786 lateris
1174 729 1312 786 alter
1342 730 1606 807 angulus,
1635 730 1734 805 qui
1762 740 1849 788 est
1877 731 1948 788 ad
1988 731 2283 803 Cantium,
2313 732 2427 808 quo

377 815 501 874 fere
545 837 745 876 omnes
790 837 862 875 ex
906 819 1098 876 Gallia
1147 839 1319 878 naves
1369 821 1747 896 appelluntur‚
1778 822 1848 879 ad
1890 823 2168 880 orientem
2215 823 2426 893 solem;

377 907 615 967 inferior
645 909 716 966 ad
743 909 1041 968 meridiem
1081 921 1316 987 spectat.
1403 912 1536 969 Hoc
1582 913 1732 971 latus
1776 923 1936 971 tenet
1978 913 2209 972 circiter
2250 915 2427 972 millia

375 1018 651 1074 passuum
688 1000 761 1058 D.
844 1001 1110 1059 Alterum
1140 1003 1322 1080 vergit
1363 1003 1435 1060 ad
1477 1003 1817 1080 Hispaniam
1860 1014 2028 1080 atque
2067 1006 2427 1063 occidentem

375 1090 581 1163 solem,
611 1092 725 1166 qua
752 1111 824 1150 ex
847 1104 1010 1168 parte
1036 1104 1123 1152 est
1150 1094 1454 1167 Hibernia,
1482 1095 1723 1153 dimidio
1761 1096 1967 1168 minor,
1995 1105 2060 1154 ut
2097 1089 2455 1168 aestimatur,‘

376 1180 558 1256 quam
586 1183 922 1255 Britannia3
966 1185 1068 1243 sed
1108 1186 1233 1261 pari
1275 1186 1461 1262 spatio
1506 1187 1872 1244 transmissus
1920 1199 2089 1262 atque
2129 1206 2201 1246 ex
2238 1188 2428 1247 Gallia

375 1284 469 1331 est
496 1273 557 1331 in
585 1274 959 1333 Britanniam.
1041 1276 1113 1333 In
1140 1277 1252 1334 hoc
1291 1278 1486 1336 medio
1512 1296 1683 1336 cursu
1726 1288 1813 1336 est
1855 1279 2059 1351 insula,
2088 1298 2214 1354 quae
2244 1281 2429 1355 appel-

374 1365 530 1423 latur
557 1364 771 1437 Mona;
817 1368 1139 1443 complures
1175 1380 1454 1444 praeterea
1489 1369 1739 1428 minores
1765 1370 2003 1446 objectae
2044 1370 2245 1428 insulae
2287 1372 2429 1429 exis-

376 1456 685 1528 timantur;
728 1458 801 1516 de
827 1459 1036 1533 quibus
1063 1459 1265 1517 insulis
1289 1461 1553 1519 nonnulli
1581 1462 1950 1537 scripserunt,
1979 1461 2104 1519 dies
2126 1462 2428 1520 continuos

377 1547 568 1606 XXX
595 1550 703 1606 sub
731 1550 933 1607 bruma
962 1568 1087 1608 esse
1113 1562 1360 1609 noctem.
1445 1552 1573 1610 Nos
1600 1553 1743 1610 nihil
1779 1553 1853 1610 de
1879 1571 1951 1611 eo
1988 1553 2428 1628 percontationi-

378 1640 488 1696 bus
515 1641 958 1716 reperiebamuS‚
987 1642 1099 1700 nisi
1141 1643 1314 1701 certis
1354 1662 1427 1700 ex
1467 1644 1615 1719 aqua
1656 1644 1936 1702 mensuris
1976 1645 2265 1702 breviores
2304 1664 2427 1703 esse

378 1731 555 1805 quam
599 1732 658 1790 in
706 1733 1039 1791 continente
1082 1744 1284 1792 noctes
1330 1735 1679 1793 videbamus.
1761 1735 1952 1812 Hujus
2005 1747 2092 1794 est
2129 1736 2426 1813 longitudo

379 1823 593 1895 lateris,
641 1834 705 1882 ut
748 1824 857 1882 fert
908 1825 1134 1882 illorum
1188 1826 1403 1901 opini0‚
1458 1826 1621 1884 DCC
1676 1827 1935 1884 millium.
2018 1827 2287 1885 Tertium
2341 1841 2426 1886 est

380 1926 582 1973 contra
608 1916 1060 1992 septemtriones,
1089 1917 1186 1974 cui
1211 1918 1360 1992 parti
1401 1918 1560 1975 nulla
1586 1929 1673 1976 est
1698 1919 1923 1995 objecta
1949 1929 2131 1989 terra3
2174 1919 2277 1977 sed
2304 1920 2425 1996 ejus
2461 1964 2482 1985 „‚

381 2007 625 2084 angulus
666 2008 860 2066 lateris
906 2008 1154 2066 maxime
1208 2009 1279 2065 ad
1320 2009 1688 2067 Germaniam
1742 2021 1998 2085 spectat:
2057 2011 2195 2067 huic
2247 2011 2426 2068 millia

377 2117 650 2173 passuum
678 2099 895 2156 DCCC
927 2099 986 2156 in
1027 2100 1445 2176 longitudinem
1487 2119 1612 2159 esse
1653 2102 2025 2159 existimatur.
2108 2101 2200 2159 Ita
2239 2103 2426 2159 omnis

381 2191 570 2248 insula
597 2202 684 2249 est
711 2191 770 2248 in
799 2191 1048 2248 circuitu
1077 2193 1255 2250 vicies
1283 2204 1512 2251 centum
1544 2194 1786 2250 millium
1813 2213 2099 2269 passuum.

461 2281 625 2339 XIV.
682 2283 772 2339 Ex
798 2283 888 2340 his
915 2284 1182 2341 omnibus
1207 2283 1380 2361 longe
1409 2296 1543 2343 sunt
1583 2285 1999 2356 humanissimi,
2028 2286 2123 2360 qui
2154 2285 2423 2342 Cantium

382 2375 661 2446 incolunt,
691 2394 818 2449 quae
844 2376 1006 2452 regio
1047 2387 1134 2434 est
1172 2377 1459 2448 maritima
1498 2377 1705 2447 omnis,
1734 2395 1923 2450 neque
1965 2375 2205 2433 multum
2238 2396 2271 2433 a
2295 2377 2428 2433 Gal-

356 2467 496 2524 ·Ιίοῆ
524 2466 795 2525 differunt
821 2465 1253 2524 consuetudine.
1335 2467 1648 2525 Interiores
1685 2468 1941 2543 plerique
1982 2467 2267 2525 frumenta
2312 2487 2426 2525 non

382 2569 596 2629 serunt,
624 2558 726 2615 sed
752 2558 902 2616 lacte
930 2569 988 2617 et
1015 2578 1188 2615 carne
1216 2559 1432 2629 vivunt,
1460 2559 1819 2634 pellibusque
1845 2570 1980 2617 sunt
2005 2559 2207 2616 vestiti.
2290 2559 2428 2617 Om-

382 2670 485 2707 nes
512 2649 644 2707 vero
673 2669 734 2707 se
761 2650 1024 2707 Britanni
1052 2651 1198 2707 vitro
1225 2650 1511 2722 inficiunt,
1542 2650 1693 2725 quod
1722 2650 2031 2708 caeruleum
2061 2650 2237 2708 efficit
2278 2652 2423 2709 colo-

382 2761 523 2813 rem,
556 2753 724 2817 atque
750 2742 863 2798 hoe
891 2742 1206 2800 horridiore
1246 2753 1382 2800 sunt
1421 2742 1481 2798 in
1520 2742 1716 2818 pugna
1760 2741 2065 2818 adspectu:
2108 2743 2427 2819 capilloque

352 2843 518 2894 ‚sunt
541 2833 838 2909 promisso,
870 2844 1038 2908 atque
1066 2833 1222 2890 omni
1249 2844 1411 2909 parte
1440 2834 1695 2909 corporis
1735 2834 1884 2904 rasa,
1910 2845 2116 2909 praeter
2157 2845 2330 2910 caput
2369 2847 2427 2893 et

383 2926 605 2982 labrum
651 2924 929 3000 superius,
1026 2924 1248 2982 Uxores
1294 2925 1508 2983 habent
1562 2925 1697 2983 deni
1744 2924 2109 3001 duodenique
2164 2927 2311 2985 inter
2364 2946 2427 2986 se

385 3036 735 3088 communeS‚
764 3027 823 3074 et
861 3014 1108 3073 maxime
1152 3017 1352 3074 fratres
1394 3036 1528 3074 cum
1571 3017 1838 3075 statribus
1875 3029 2253 3093 parentesque
2292 3038 2423 3076 cum

382 3109 610 3180 liberis3
653 3108 772 3180 sed,
802 3108 851 3166 si
879 3108 976 3183 qui
1004 3120 1137 3166 sunt
1164 3128 1232 3166 ex
1262 3109 1352 3166 his
1379 3109 1519 3180 nati,
1549 3128 1747 3167 eorum
1774 3110 2055 3168 habentur
2094 3110 2280 3183 liberi,
2310 3110 2424 3186 quo

380 3199 630 3277 primum
658 3201 820 3277 virgo
846 3219 1085 3279 quaeque
1114 3200 1364 3257 deducta
1390 3211 1491 3259 est.

459 3293 592 3350 XV.
649 3292 892 3366 Equites
919 3291 1166 3348 hostiurn
1195 3291 1582 3366 essedariique
1625 3292 1831 3350 acriter
1868 3292 2071 3367 proelio
2110 3312 2243 3349 cum
2271 3293 2428 3368 equi-

381 3395 501 3442 tatu
527 3395 724 3442 nostro
751 3383 810 3440 in
840 3383 1043 3440 itinere
1073 3383 1472 3454 conflixerunt,
1495 3394 1687 3441 tamen
1716 3394 1780 3440 ut
1806 3384 1985 3441 nostri
2012 3385 2278 3442 omnibus
2302 3405 2428 3461 par-

378 3476 533 3533 tibus
559 3475 879 3551 superiores
911 3474 1141 3541 fuerint,
1173 3486 1342 3549 atque
1371 3494 1470 3532 eos
1499 3475 1558 3531 in
1599 3475 1769 3532 silvas
1810 3476 2099 3551 collesque
2140 3478 2427 3552 compule-

379 3568 529 3625 rint:
572 3566 692 3638 sed‚
723 3566 1112 3641 compluribus
1139 3566 1475 3636 interfecti8‚
1508 3566 1775 3642 cupidius
1816 3567 2084 3639 insecuti,
2122 3568 2427 3626 nonnullos

378 3679 450 3718 ex
496 3659 614 3716 suis
663 3659 989 3716 amiserunt.
1073 3658 1155 3714 At
1204 3657 1306 3728 illi,
1356 3658 1681 3715 intermisso
1726 3659 1929 3733 spatie,
1972 3658 2427 3734 imprudentibus

380 3751 587 3809 nostris
630 3761 800 3825 atque
839 3749 1137 3824 occupatis
1185 3749 1244 3805 in
1288 3749 1610 3807 munitione
1654 3760 1991 3820 castrorum,
2021 3748 2211 3807 subito
2254 3769 2316 3807 se
2356 3767 2427 3807 ex

380 3843 536 3901 silvis
561 3842 872 3918 ejecerunt,
903 3841 1231 3916 impetuque
1279 3840 1338 3896 in
1388 3859 1488 3898 eos
1531 3840 1703 3911 facte,
1733 3841 1831 3915 qui
1873 3848 2036 3910 erant
2076 3839 2136 3896 in
2183 3841 2427 3899 statione

383 3954 483 3994 oro
529 3934 730 3993 castris
776 3932 1060 4002 collocati,
1106 3931 1311 3989 acriter
1358 3941 1797 4008 pugnaverunt:
1854 3930 2191 4004 duabusque
2240 3930 2430 3990 missis

928 4024 964 4078 7
988 4023 1020 4056 ⁴*
1621 4042 1627 4047 ·
