2747 4376
317 277 467 326 Car.
498 272 727 337 65-67.]
1056 272 1273 325 LIBER
1314 272 1687 324 SEPTIMUS.
2286 278 2396 340 1.ss

314 417 487 476 intra
527 416 738 494 oppida
784 436 1095 492 murosque
1135 417 1574 493 compelluntur.
1656 417 2022 495 Allobroges,
2067 419 2285 478 crebris
2326 418 2396 478 ad

321 509 692 566 Rhodanum
718 509 1012 584 dispositis
1052 510 1350 584 praesidiis,
1382 510 1592 586 magna
1634 529 1767 567 cum
1814 513 1954 568 cura
1996 523 2054 569 et
2095 512 2393 589 diligentia

319 620 472 659 suos
525 601 669 658 fines
721 611 969 658 tuentur.
1055 601 1270 672 Caesar,
1326 600 1481 676 quod
1529 602 1719 660 hostes
1761 603 2018 677 equitatu
2073 604 2396 679 superiores

321 711 463 750 esse
492 693 866 769 intelligebat,
895 705 973 763 et,
1005 692 1332 750 interclusis
1362 693 1632 751 omnibus
1672 694 1994 766 itineribus,
2022 696 2181 753 nulla
2224 714 2285 753 re
2325 714 2392 754 ex

320 785 636 861 provincia
666 796 834 858 atque
861 783 1031 842 Italia
1059 784 1343 842 sublevari
1369 796 1612 860 poterat,
1638 796 1798 843 trans
1838 785 2112 844 Rhenum
2156 787 2214 845 in
2254 788 2394 846 Ger·

324 876 588 934 maniam
620 875 792 933 mittit
821 876 891 932 ad
928 894 1026 933 eas
1068 872 1349 947 civitates,
1378 895 1521 951 quas
1560 878 1948 952 superioribus
1990 878 2154 936 annis
2192 897 2397 956 pacav-

322 977 480 1038 erat,
510 967 844 1043 equitesque
872 968 943 1024 ab
984 968 1074 1025 his
1116 979 1352 1026 arcessa
1392 979 1450 1027 et
1495 968 1638 1026 levis
1686 980 1985 1028 armaturae
2025 971 2265 1046 pedites,
2296 973 2395 1047 qui

329 1060 489 1119 inter
519 1059 894 1134 eosproeliari
935 1070 1369 1118 consueverant.
1453 1059 1671 1117 Eorum
1714 1061 1980 1132 adventu,
2009 1061 2164 1136 quod
2203 1062 2396 1123 minus

329 1150 564 1208 idoneis
592 1150 754 1225 equis
797 1152 1122 1222 utebantur,
1153 1169 1186 1215 a
1224 1150 1474 1208 tribunis
1513 1151 1758 1209 militum
1800 1153 2168 1228 reliquisque,
2197 1155 2297 1211 sed
2337 1166 2396 1214 et

329 1241 631 1316 equitibus
671 1241 957 1303 Romanis
1004 1252 1173 1317 atque
1220 1242 1493 1313 evocatis,
1536 1261 1715 1318 equos
1756 1244 1950 1314 sumit,
1977 1243 2396 1321 Germanisque

331 1333 647 1390 distribuit.

420 1423 638 1482 LXVI.
693 1423 942 1496 Interea,
971 1424 1109 1481 dum
1152 1420 1278 1482 haec
1317 1435 1617 1501 geruntur,
1653 1423 1903 1481 hostium
1951 1425 2133 1500 copiae
2176 1444 2247 1483 ex
2290 1426 2398 1483 Ar·

332 1515 531 1574 vernis
570 1515 927 1590 equitesque,
969 1515 1067 1591 qui
1109 1516 1214 1574 toti
1254 1516 1460 1573 Galliae
1505 1525 1669 1573 erant
1716 1516 1998 1592 imperati,
2028 1517 2394 1577 conveniunt,

335 1607 561 1684 Magno
602 1608 803 1664 horum
845 1618 1051 1665 coacto
1091 1625 1352 1678 numer0,
1395 1627 1571 1683 quum
1615 1608 1811 1665 Caesar
1852 1608 1911 1666 in
1956 1609 2255 1683 Sequanos
2295 1628 2395 1686 per

335 1711 623 1761 extremos
666 1698 995 1776 Lingonum
1045 1700 1188 1756 fines
1229 1699 1335 1756 iter
1386 1699 1619 1771 faceret,
1647 1697 1761 1774 quo
1810 1699 2037 1757 facilius
2076 1701 2393 1760 subsidium

330 1791 647 1869 provinciae
678 1791 806 1847 ferri
846 1801 1056 1864 posset,
1085 1790 1316 1847 circiter
1357 1791 1537 1848 millia
1577 1810 1849 1866 passuum
1892 1792 1952 1848 X
1998 1793 2069 1850 ab
2109 1792 2393 1852 Romanis

333 1883 504 1941 trinis
552 1883 754 1940 castris
800 1870 1242 1958 Vercingetorix
1289 1882 1583 1953 consedit3
1647 1885 2092 1959 convocatisque
2139 1886 2208 1942 ad
2244 1906 2394 1943 con·

336 1975 536 2034 cilium
565 1974 849 2049 praesectis
869 1950 1146 2048 eqtsttum‚
1171 1981 1184 2006 ‘
1209 1974 1430 2030 venisse
1453 1986 1677 2050 tempus
1700 1976 1949 2033 victoriae
1968 1978 1981 2002 '
2007 1976 2391 2035 demonstrat:

336 2068 579 2143 ‘fugere
622 2066 680 2124 in
722 2066 1076 2141 provinciam
1120 2064 1421 2122 Romanos
1467 2066 1772 2141 Galliaque
1819 2067 2137 2124 excedere:
2183 2068 2237 2125 id
2283 2069 2392 2126 sibi

336 2158 408 2217 ad
464 2171 804 2235 praesentem
858 2156 1229 2217 obtinendam
1282 2156 1605 2216 libertatem
1654 2156 1794 2216 satis
1838 2177 1997 2228 esse;
2062 2158 2133 2216 ad
2187 2160 2393 2234 reliqui

333 2249 609 2326 temporis
651 2268 855 2325 pacem
905 2260 1074 2324 atque
1115 2249 1295 2306 otium
1342 2269 1543 2324 parum
1590 2249 1825 2325 profici3
1884 2249 2192 2325 majoribus
2238 2251 2392 2308 enim

334 2342 556 2401 coactis
583 2342 769 2417 copiis
793 2359 1140 2412 reversuros,
1169 2359 1358 2422 neque
1400 2341 1571 2398 finem
1615 2341 1749 2397 belli
1793 2341 2062 2398 facturos.
2142 2340 2394 2398 Proinde

333 2434 566 2511 agmine
595 2433 899 2508 impeditos
929 2431 1273 2490 adoriantur.
1357 2432 1424 2490 Si
1452 2432 1674 2508 pedites
1708 2431 1833 2488 'suis
1874 2431 2149 2488 auxilium
2193 2432 2393 2504 fermit,

335 2538 507 2601 atque
536 2526 596 2583 in
624 2544 696 2582 eo
723 2534 1037 2595 morentur,
1067 2524 1174 2581 iter
1203 2524 1414 2582 confici
1444 2543 1558 2580 non
1587 2541 1787 2599 posse;
1831 2522 1901 2593 si,
1931 2522 1988 2579 id
2018 2522 2170 2597 quod
2214 2523 2395 2600 magis

230 2669 237 2690 ,
333 2619 592 2677 futurum
620 2615 891 2687 confidat,
920 2616 1136 2673 relictis
1165 2615 1612 2691 impedimentiS,
1642 2633 1759 2671 suae
1787 2601 1956 2672 saluti
1986 2615 2308 2687 consulant,
2338 2624 2410 2674 et'

333 2729 441 2767 usu
466 2727 659 2767 rerum
697 2699 1148 2766 necessariarum
1189 2719 1247 2765 et
1283 2707 1563 2784 dignitate
1606 2707 1908 2784 spoliatum
1953 2706 2040 2764 iri.
2123 2706 2394 2768 Nam‘de

306 2793 627 2877 ⁴equitibus
680 2799 948 2870 hostium,
1004 2799 1144 2875 quin
1211 2817 1383 2856 nemo
1434 2817 1634 2856 eorum
1688 2799 1953 2876 progredi
2008 2799 2179 2862 modo
2234 2814 2395 2860 extra

335 2879 542 2970 agmen
573 2891 800 2958 audeat,
828 2909 902 2949 ne
933 2891 1084 2968 ipsos
1123 2891 1354 2965 quidem
1393 2890 1605 2948 debere
1647 2891 1925 2960 dubitare.
2010 2890 2076 2948 Id
2119 2892 2233 2967 quo
2281 2912 2394 2951 ma·

328 2985 453 3063 jore
483 2984 701 3043 saciant
741 2982 949 3054 animo,
979 2983 1175 3058 copias
1215 3000 1278 3039 se
1317 2999 1519 3039 omnes
1563 3000 1669 3058 pro
1715 2983 1917 3040 castris
1959 2982 2306 3055 habiturum,
2336 2996 2393 3045 et

322 3076 539 3158 ⁸terrori
596 3074 856 3134 hostibus
911 3074 1200 3132 futurum!
1285 3073 1669 3132 Conclamant
1722 3074 1943 3150 equites
1997 3076 2395 3135 ‘sanctissimo

329 3166 703 3245 jurejurando
757 3165 1082 3223 confirmari
1141 3175 1425 3241 oportere,
1471 3184 1548 3223 ne
1599 3175 1755 3222 tecto
1806 3165 2138 3242 recipiatur,
2192 3186 2266 3226 ne
2322 3167 2392 3226 ad

335 3259 566 3330 liberos,
597 3276 672 3316 ne
702 3256 774 3315 ad
807 3268 1092 3333 parentes,
1120 3274 1196 3313 ne
1240 3256 1310 3313 ad
1348 3275 1585 3314 uxorem
1627 3256 1841 3313 aditum
1886 3256 2112 3329 habeat,
2141 3259 2240 3333 qui
2275 3278 2393 3318 non

338 3352 424 3409 bis
447 3369 553 3427 per
583 3368 789 3426 agmen
818 3348 1065 3407 hostium
1092 3348 1505 3424 perequitfirit!

413 3440 665 3500 LXVII.
720 3432 969 3497 Probata
997 3457 1079 3510 re,
1110 3450 1280 3513 atque
1308 3439 1576 3497 omnibus
1610 3439 1679 3496 ad
1703 3437 2111 3516 jusjurandum
2155 3440 2391 3512 adactis,

336 3545 568 3611 postero
593 3532 688 3589 die
716 3531 775 3589 in
802 3543 918 3590 tres
957 3543 1147 3606 partes
1186 3531 1491 3588 distributo
1530 3531 1807 3606 equitatu,
1838 3532 1965 3589 duae
2012 3551 2073 3590 se
2118 3532 2278 3597 ‚acies
2323 3532 2393 3588 ab

337 3626 564 3682 duobus
591 3622 864 3681 lateribus
889 3617 1198 3710 ostendunt
1222 3643 1235 3680 :
1280 3642 1398 3679 una
1426 3642 1459 3679 a
1484 3624 1669 3698 primo
1699 3624 1927 3700 agmine
1969 3624 2073 3681 iter
2116 3622 2391 3696 impedire

337 3716 530 3792 coepit.
638 3714 780 3776 Qua
832 3733 897 3772 re
951 3714 1246 3785 nunciata,
1297 3714 1494 3772 Caesar
1549 3734 1714 3771 suum
1771 3713 2002 3789 quoque
2055 3713 2391 3787 equitatum,

335 3804 623 3885 tripartito
676 3805 942 3880 divisum,
998 3804 1082 3864 ire
1129 3817 1331 3864 contra
1379 3806 1599 3864 hostem
1647 3805 1827 3881 jubet.
1925 3804 2223 3880 Pugnatur
2278 3804 2393 3864 una

335 3913 482 3960 tunc
508 3896 776 3956 omnibus
803 3896 863 3955 in
890 3897 1148 3972 partibus
1170 3917 1184 3954 z
1228 3898 1491 3955 consistit
1520 3914 1725 3974 agmen
1751 3914 1765 3929 ·
1810 3894 2216 3971 impedimenta
2247 3894 2391 3957 iuter
