2747 4376
315 295 459 360 ,140
885 296 892 302 '
990 295 1087 344 DF.
1133 291 1369 343 BELLO
1416 293 1736 343 GALLICO
2011 294 2177 373 [Car.
2208 285 2419 346 63-65,

341 440 522 500 Nacti
569 439 819 511 obsides,
868 457 1012 515 quos
1058 437 1256 496 Caesar
1305 437 1456 514 apud
1498 456 1600 495 eos
1640 437 2003 512 deposuerat,
2033 437 2245 495 borum
2286 455 2419 512 sup-

342 533 521 611 plicio
555 531 886 590 dubitantes
912 530 1194 589 territant.
1276 529 1494 588 Petunt
1522 547 1556 586 a
1581 526 2065 606 Vercingetorige
2108 527 2313 600 AEdui,
2344 527 2418 585 ad

341 643 407 684 se
428 623 640 695 veniat,
669 622 1035 697 rationesque
1062 621 1199 680 belli
1226 620 1466 699 gerendi
1489 620 1896 678 communicet.
1981 619 2080 678 Re
2108 619 2420 695 impetrati

344 714 721 786 contendunt,
749 723 815 771 ut
841 712 981 789 ipsis
1007 731 1232 770 summa
1270 712 1496 789 imperii
1535 711 1826 770 tradatur:
1867 720 1947 783 et,
1976 729 2044 769 re
2084 710 2147 768 in
2188 721 2422 769 contro-

345 806 587 866 versiam
631 805 906 877 deducta,
953 805 1132 863 totius
1176 803 1384 862 Galliae
1432 803 1747 861 concilium
1797 802 2070 861 Bibracte
2117 802 2418 864 indicitur.

346 895 573 956 Eodem
600 897 954 955 conveniunt
978 895 1237 972 undique
1264 895 1609 970 frequentes.
1693 893 2091 953 Multitudinis
2125 893 2420 971 suffragiis

345 1007 438 1047 res
501 988 887 1065 permittitur:
951 987 1025 1045 ad
1086 1006 1269 1045 unum
1321 1004 1525 1045 omnes
1575 986 2116 1064 Vercingetorigem
2168 986 2421 1062 probant

347 1081 766 1157 imperatorem.
848 1078 947 1137 Ab
994 1079 1107 1137 boc
1157 1078 1412 1136 concilio
1454 1077 1652 1149 Remi,
1682 1076 1998 1155 Lingones,
2039 1075 2274 1134 Treviri
2320 1077 2422 1134 ab·

343 1171 616 1230 fuerunt:
660 1171 765 1243 illi,
803 1169 959 1246 quod
1002 1169 1315 1228 amicitiam
1357 1169 1758 1230 Romanorum
1799 1169 2224 1244 sequebantur3
2268 1167 2421 1227 Tre·

348 1262 475 1335 viri,
504 1261 660 1339 quod
690 1263 923 1321 aberant
955 1259 1208 1339 longius,
1236 1272 1296 1319 et
1337 1262 1410 1318 ab
1449 1259 1758 1318 Germanis
1794 1260 2203 1336 premebantur
2229 1279 2245 1317 :
2287 1278 2419 1334 quae

349 1355 457 1413 suit
483 1373 681 1427 causa,
701 1372 879 1431 quare
904 1364 1027 1411 toto
1056 1354 1322 1411 abessent
1344 1352 1517 1424 bello,
1539 1364 1597 1410 et
1618 1352 1840 1410 neutris
1868 1351 2082 1409 auxilia
2101 1350 2416 1410 mitterent.

347 1445 571 1525 Magno
597 1446 795 1505 dolore
824 1444 1001 1503 AEdui
1045 1444 1237 1503 ferunt
1283 1462 1347 1502 se
1392 1444 1647 1521 dejectos
1685 1443 2050 1520 principatu;
2094 1454 2418 1518 queruntur

348 1538 591 1600 fortunae
633 1536 1160 1609 commutationem,
1189 1548 1248 1595 et
1288 1535 1537 1594 Caesaris
1579 1535 1997 1612 indulgentiam
2040 1535 2098 1592 in
2136 1554 2200 1593 se
2227 1536 2419 1610 requi-

345 1642 517 1700 runt;
561 1647 750 1705 neque
778 1640 990 1699 tamen,
1019 1639 1290 1704 suscepto
1316 1628 1487 1699 bello,
1517 1646 1686 1684 suum
1715 1626 2022 1685 consilium
2065 1627 2137 1684 ab
2176 1627 2418 1703 reliquis

335 1737 611 1795 separare
641 1720 869 1777 audent.
952 1719 1125 1777 Inviti
1168 1738 1407 1777 summae
1448 1719 1569 1795 spei
1614 1718 2028 1790 adolescentes,
2057 1718 2418 1795 Eporedorix

333 1821 406 1868 vet
433 1810 851 1881 Viridomarus,
882 1810 1348 1889 Vercingetorigi
1376 1820 1595 1887 parent.
2183 1853 2187 1858 -

427 1900 645 1962 LXIV.
703 1901 808 1959 Ille
836 1902 1078 1978 imperat
1120 1902 1355 1978 reliquis
1397 1902 1728 1960 civitatibus
1766 1902 2035 1959 obsides:
2079 1901 2333 1977 denique
2359 1903 2412 1961 ei

339 1993 433 2051 -rei
461 1993 760 2051 constituit
786 1993 974 2051 diem:
1020 1994 1135 2051 huc
1162 2013 1364 2052 omnes
1391 1995 1635 2070 equites,
1664 1993 1783 2052 XV
1822 1993 2004 2051 millia
2029 2013 2292 2066 numero,
2322 2014 2416 2053 ce·

346 2085 541 2142 leriter
571 2085 882 2142 convenire
902 2084 1101 2162 jubet:
1144 2092 1160 2119 ‘
1179 2085 1470 2158 Peditatu,
1502 2104 1672 2161 quem
1703 2083 1837 2143 ante
1867 2085 2152 2157 habuerit,
2180 2105 2245 2143 se
2292 2086 2414 2148 sore

348 2187 683 2236 contentum
702 2177 716 2204 '
761 2176 926 2249 dicit,
971 2182 987 2210 ‘
1011 2196 1198 2254 neque
1248 2177 1535 2236 fortunam
1588 2188 1961 2249 tentaturum,
2018 2190 2116 2235 aut
2171 2177 2229 2236 in
2287 2179 2414 2237 acie

348 2268 786 2341 dimicaturum;
849 2269 971 2341 sed,
1020 2269 1294 2345 quoniam
1339 2270 1593 2328 abundet
1635 2269 1893 2344 equitatu
1964 2254 2263 2345 perfacile⁰
2287 2289 2414 2330 esse

349 2361 506 2419 factu
536 2360 1077 2420 frumentationibus
1103 2361 1686 2436 pabulationibusque
1727 2360 2030 2419 Romanos
2068 2363 2411 2438 prohibere;

348 2471 514 2527 aequo
541 2451 713 2510 modo
758 2452 950 2510 animo
995 2472 1101 2510 sua
1141 2451 1251 2528 ipsi
1301 2452 1586 2511 frumenta
1633 2457 2024 2529 corrumpant,
2054 2453 2415 2529 aedificiaque

348 2542 681 2616 incendant,
710 2544 826 2619 qua
853 2544 937 2602 rei
979 2543 1275 2602 familiaris
1310 2543 1540 2621 jactura
1575 2555 1914 2620 perpetuum
1965 2545 2266 2621 imperium
2308 2546 2415 2603 lib-

348 2646 702 2710 ertatemque
729 2654 793 2692 se
821 2635 1097 2711 consequi
1129 2634 1395 2693 videant!
1482 2635 1592 2693 His
1621 2636 1949 2694 constitutis
1976 2637 2168 2709 rebus,
2199 2636 2414 2698 AEduis

349 2726 821 2802 Segusiauisque,
850 2726 950 2800 qui
996 2738 1132 2784 sunt
1178 2726 1409 2785 finitimi
1456 2727 1788 2802 provinciae,
1817 2726 1878 2784 X
1928 2727 2109 2786 millia
2153 2728 2414 2804 peditum

349 2815 627 2890 imperat:
696 2815 813 2873 huc
867 2816 1025 2874 addit
1077 2818 1301 2892 equites
1364 2817 1602 2876 DCCC.
1717 2818 1830 2876 His
1886 2819 2128 2894 praefioit
2179 2820 2415 2878 fratrem

351 2907 781 2985 Eporedorigis,
831 2909 1159 2984 bellumque
1205 2911 1415 2969 inferre
1450 2911 1882 2988 „Allobrogibus
1921 2912 2101 2988 jubet.
2218 2913 2415 2972 Alteri

349 3017 421 3055 ex
446 3011 607 3074 parte
647 3000 900 3058 Gabalos
940 3001 1342 3078 proximosque
1390 3021 1567 3079 pagos
1611 3002 2002 3060 Arvernorum
2045 3003 2105 3061 in
2149 3004 2413 3078 Helvios,

350 3090 487 3149 item
516 3090 783 3150 Rutenos
820 3091 1234 3168 Cadurcosque
1276 3095 1347 3151 ad
1391 3094 1534 3152 fines
1573 3094 1889 3152 Volcarum
1932 3094 2413 3155 Arecomicorum

349 3182 779 3258 depopulandos
828 3184 1017 3243 mittit.
1101 3184 1307 3242 Nihilo
1334 3183 1528 3243 minus
1570 3185 1945 3244 clandestinis
1987 3186 2219 3244 nunciis
2259 3187 2416 3265 lega·

349 3273 717 3349 tionibusque
761 3275 1105 3353 Allobrogas
1148 3276 1439 3348 sollicitat,
1478 3295 1722 3352 quorum
1764 3288 1985 3336 mentes
2032 3278 2290 3336 nondum
2340 3279 2414 3337 ab

347 3365 643 3441 superiore
684 3367 835 3424 bello
874 3368 1154 3426 resedisse
1200 3369 1481 3444 sperabat.
1565 3368 1793 3426 Horum
1838 3369 2199 3446 principibus
2237 3389 2414 3446 pecu·

324 3456 494 3530 nias,
524 3457 742 3516 civitati
772 3470 962 3517 autem
991 3459 1294 3535 imperium
1322 3460 1500 3519 totius
1525 3460 1836 3537 provinciae
1864 3461 2189 3536 pollicetur.

323 3545 330 3551 ’
372 3595 382 3603 .
427 3549 615 3608 LXV.
674 3550 770 3607 Ad
797 3550 902 3608 hos
929 3570 1130 3609 omnes
1158 3570 1328 3610 casus
1355 3553 1584 3628 provisa
1609 3564 1773 3611 erant
1791 3552 2060 3628 praesidia
2086 3552 2410 3612 cohortium

347 3642 588 3699 duarum
619 3653 677 3700 et
704 3641 928 3719 viginti,
958 3661 1085 3717 quae
1114 3661 1184 3700 ex
1212 3642 1337 3719 ipsa
1380 3654 1585 3702 coacta
1622 3644 1922 3720 provincia
1966 3645 2038 3702 ab
2079 3644 2146 3703 L.
2178 3644 2411 3703 Caesare

317 3758 330 3765 -
348 3728 536 3808 legato
565 3733 634 3790 ad
664 3752 865 3790 omnes
890 3743 1081 3808 partes
1107 3736 1557 3808 opponebantur.
1643 3735 1858 3806 Helvii,
1887 3736 1994 3793 sua
2029 3747 2241 3811 sponte*
2273 3755 2408 3794 cum

323 3821 604 3880 -finitimis
644 3824 846 3897 proelio
887 3810 1202 3897 congressi,
1231 3824 1541 3896 pelluntur,
1571 3826 1629 3883 et
1669 3825 1737 3883 C.
1769 3825 2005 3883 Valerio
2047 3825 2407 3897 Donotauro‚

339 3910 563 3968 Caburi
594 3912 728 3983 filio,
754 3912 1015 3987 principe
1049 3910 1315 3982 civitatis,
1347 3914 1852 3990 compluribusque
1897 3916 2022 3974 aliis
2065 3917 2404 3983 interfectis.
