2747 4376
340 317 474 365 Car.
506 316 736 376 ffi—oeq
1056 311 1270 360 LIBER
1315 310 1672 369 QUARTUS.
2322 314 2404 372 67

341 458 504 516 Tum
530 457 729 528 nostri,
759 455 1043 538 cohortati
1069 455 1214 512 inter
1241 472 1323 526 se,
1352 472 1428 512 ne
1454 463 1676 511 tantum
1704 453 1958 511 dedecus
1987 453 2402 528 admitteretur,

344 549 599 608 universi
625 567 697 606 ex
722 547 856 605 navi
883 546 1272 604 desiluerunt:
1318 546 1422 603 hos
1451 546 1588 603 item
1617 546 1712 603 alii
1753 564 1823 607 ex
1863 546 2136 622 proximis
2161 548 2403 606 navibus

344 660 526 716 quum
553 640 1002 716 conspexissent,
1032 638 1327 696 subsecuti
1354 638 1615 695 hostibus
1644 638 2184 713 appropinquarunt.

423 731 654 790 XXVI.
709 731 1037 808 Pugnatum
1092 740 1180 788 est
1235 730 1306 786 ab
1361 729 1617 804 utrisque
1672 729 1911 801 acriter3
1954 730 2134 787 nostri
2184 738 2400 801 tamen,

348 806 504 926 quod
550 842 738 898 neque
783 822 1015 880 ordines
1058 840 1304 892 servare,
1349 839 1538 896 neque
1591 820 1829 879 firmiter
1882 820 2165 893 insistere,
2214 839 2403 896 neque
2476 876 2480 883 ,
2573 896 2580 903 ⁰

274 922 290 946 <'
342 915 514 993 signa
539 914 811 990 subsequi
837 924 1121 990 poterant,
1153 924 1322 988 atque
1352 913 1498 970 alius
1527 912 1637 969 alis
1665 930 1737 969 ex
1762 912 1914 984 navi,
1944 914 2402 989 quibuscumque

207 1017 216 1027 '
252 1047 255 1050 <
343 1004 528 1084 signis
559 1017 907 1076 occurrerat,
937 1024 999 1064 se
1042 1006 1410 1082 aggregabat,
1442 1022 1652 1081 magno
1692 1022 1866 1079 opere
1903 1005 2398 1080 perturbabantur.

343 1096 564 1156 Hostes
591 1097 746 1170 vero,
775 1089 927 1155 notis
966 1097 1234 1154 omnibus
1273 1097 1454 1167 vadis,
1482 1096 1584 1154 ubi
1624 1114 1697 1153 ex
1742 1092 1910 1153 litore
1952 1095 2172 1171 aliquos
2210 1096 2403 1174 singu-

272 1192 278 1197 ’
340 1189 495 1248 lares
523 1208 594 1248 ex
619 1189 751 1247 navi
778 1189 1139 1265 egredientes
1166 1198 1601 1263 conspexerant,
1626 1188 1881 1245 incitatis
1907 1189 2071 1263 equis
2099 1188 2403 1264 impeditos

344 1281 788 1339 adoriebantur:
857 1281 1049 1356 plures
1094 1298 1313 1355 paucos
1360 1279 1899 1351 circumsistebant:
1971 1277 2066 1335 alii
2112 1279 2183 1335 ab
2226 1278 2405 1338 latere

345 1384 546 1448 aperto
572 1373 631 1430 in
658 1373 952 1430 universos
978 1372 1096 1429 tela
1125 1371 1531 1446 conjiciebant.
1611 1370 1796 1432 Quod
1836 1388 2013 1444 quum
2055 1369 2405 1428 animadver-

255 1510 263 1515 .
340 1463 510 1521 tisset
550 1463 763 1536 Caesar,
810 1463 1052 1538 scaphas
1088 1463 1390 1538 longarum
1422 1462 1675 1532 navium,
1705 1462 1843 1519 item
1885 1461 2269 1537 speculatoria
2307 1480 2406 1519 na-

342 1555 508 1632 vigia
534 1555 808 1612 militibus
849 1555 1123 1630 compleri
1166 1554 1354 1630 jussit,
1385 1563 1442 1610 et
1470 1572 1613 1628 quos
1640 1553 1963 1610 laborantes
2010 1563 2402 1628 conspexerat,

345 1645 420 1703 iis
459 1646 716 1703 subsidia
754 1645 1140 1703 submittebat.
1222 1644 1425 1702 Nostri
1468 1645 1637 1702 simul
1685 1644 1745 1701 in
1798 1645 1957 1701 arido
2003 1644 2400 1717 constiterunt,

314 1776 317 1779 -
344 1738 469 1795 suis
497 1738 763 1795 omnibus
789 1738 1138 1809 consecutis,
1169 1737 1229 1795 in
1258 1737 1449 1795 hostes
1477 1737 1752 1812 impetum
1795 1736 2075 1808 fecerunt,
2107 1747 2275 1811 atque
2303 1756 2403 1795 eos

345 1827 410 1886 in
454 1829 646 1906 fugam
690 1828 1002 1899 dederunt;
1058 1848 1247 1904 neque
1293 1827 1525 1905 longius
1563 1828 1831 1903 prosequi
1873 1839 2203 1904 potuerunt,
2246 1827 2401 1904 quod

344 1921 569 1996 equites
625 1939 857 1977 cursum
910 1930 1107 1978 tenere
1163 1931 1333 1994 atque
1376 1919 1874 1994 insulam-capere
1914 1940 2031 1977 non
2077 1931 2399 1996 potuerant.

347 2011 484 2070 Hoc
511 2030 690 2069 unum
721 2011 790 2068 ad
817 2012 1118 2087 pristinam
1146 2011 1433 2068 fortunam
1463 2011 1680 2069 Caesari
1708 2011 1906 2069 defuit.

427 2102 686 2160 XXVII.
745 2102 959 2160 Hostes
1011 2103 1214 2178 proelio
1268 2103 1539 2178 superati,
1595 2103 1765 2161 simul
1816 2114 1986 2179 atque
2034 2123 2096 2161 se
2140 2122 2211 2161 ex
2264 2103 2403 2181 fuga

346 2205 708 2271 receperunt,
737 2195 929 2252 statim
960 2195 1029 2251 ad
1059 2195 1347 2252 Caesarem
1376 2194 1595 2271 legatos
1622 2195 1694 2252 de
1720 2214 1865 2270 pace
1893 2196 2203 2253 miserunt:
2248 2202 2264 2229 ‘
2283 2195 2404 2253 Ob-

349 2286 502 2345 sides
548 2287 798 2357 daturos,
831 2305 1071 2361 quaeque
1112 2285 1467 2361 imperasset,
1495 2305 1624 2344 sese
1653 2286 1920 2344 facturos'
1964 2287 2208 2362 polliciti
2249 2297 2400 2344 sunt.

348 2377 480 2437 Una
508 2397 641 2435 cum
669 2378 759 2435 his
792 2377 997 2454 legatis
1024 2377 1324 2438 Commius
1352 2377 1601 2435 Atrebas
1628 2377 1803 2448 venit,
1833 2396 2004 2451 quem
2046 2377 2220 2453 supra
2247 2378 2405 2435 dem-

344 2481 734 2527 onstraveram
783 2488 817 2526 a
859 2469 1090 2526 Caesare
1132 2469 1192 2525 in
1236 2469 1598 2550 Britanniam
1637 2468 2011 2544 praemissum.
2097 2469 2276 2526 Hunc
2320 2469 2403 2527 illi

348 2581 383 2619 e
410 2561 542 2619 navi
570 2579 884 2638 egressum,
915 2579 1090 2635 quum
1121 2560 1191 2617 ad
1220 2580 1320 2618 eos
1354 2561 1598 2619 oratoris
1637 2561 1810 2618 modo
1850 2560 2209 2637 imperatoris
2249 2581 2406 2619 man-

349 2653 484 2711 data
508 2653 802 2729 perferret,
833 2652 1406 2728 comprehenderant,
1438 2663 1607 2727 atque
1637 2652 1696 2710 in
1724 2653 1958 2710 vincula
1980 2646 2401 2729 conjecerant:

349 2756 492 2815 tum,
532 2744 734 2820 proelio
788 2745 960 2814 fact0,
1003 2745 1364 2816 remiserunt,
1421 2754 1479 2802 et
1533 2745 1593 2802 in
1644 2745 1893 2820 petenda
1944 2764 2091 2820 pace
2142 2745 2266 2821 ejus
2319 2746 2403 2804 rei

280 2865 289 2876 ι
349 2837 580 2911 culpam
608 2836 667 2892 in
705 2835 1130 2893 multitudinem
1173 2837 1561 2908 contulerunt,
1591 2847 1648 2894 et
1687 2846 1917 2912 propter
1960 2837 2404 2912 imprudentiam

350 2938 417 2985 ut
457 2927 869 3004 ignosceretur,
896 2926 1237 3002 petiverunt.
1320 2927 1517 2985 Caesar
1559 2939 1794 3003 questus
1833 2927 2007 3003 quod,
2039 2947 2213 3003 quum
2255 2929 2407 2988 ultro

350 3019 413 3078 in
461 3019 850 3076 continentem
897 3017 1102 3095 legatis
1145 3018 1334 3076 missm
1377 3038 1581 3095 pacem
1628 3020 1698 3076 ab
1744 3038 1807 3077 se
1853 3019 2148 3095 petissent,
2192 3021 2406 3078 bellum

351 3110 476 3169 sine
503 3110 679 3167 causa
709 3109 1055 3180 intulissent,
1086 3109 1389 3185 ignoscere
1431 3110 1828 3194 imprudeptiae
1871 3111 2033 3181 dixit,
2062 3112 2406 3186 obsidesque

352 3201 684 3277 imperavit:
731 3220 974 3275 quorum
1004 3201 1085 3258 illi
1112 3213 1333 3277 partem
1362 3202 1553 3258 statim
1591 3202 1891 3273 dederunt,
1920 3213 2160 3287 partem,
2190 3223 2260 3261 ex
2287 3204 2409 3262 lon-

316 3292 748 3371 ginquioribus
775 3292 921 3349 locis
951 3294 1301 3364 arcessitam,
1328 3293 1531 3395 paucis
1570 3293 1774 3351 diebus
1813 3313 1940 3351 sese
1981 3294 2213 3352 daturos
2253 3295 2410 3353 dixe-

349 3394 498 3442 runt.
582 3383 812 3441 Interea
839 3403 973 3440 suos
1001 3385 1312 3461 remigrare
1342 3386 1401 3441 in
1434 3404 1601 3461 agros
1644 3385 1956 3460 jusserunt,
2002 3386 2408 3462 principesque

349 3447 606 3551 undique
634 3476 964 3547 convenire,
995 3485 1052 3533 et
1079 3495 1142 3533 se
1171 3476 1546 3550 civitatesque
1574 3496 1706 3533 suas
1743 3476 1961 3534 Caesari
2005 3478 2409 3535 commendare

350 3577 664 3643 coeperunt.

429 3657 720 3716 XXVIII.
778 3659 890 3716 His
933 3659 1104 3716 rebus
1145 3626 1291 3734 pace
1339 3660 1698 3731 confirmata,
1739 3670 1869 3735 post
1917 3661 2070 3718 diem
2120 3671 2406 3734 quartum,

250 3770 255 3775 ·
353 3770 526 3828 quam
553 3761 641 3807 est
667 3750 729 3807 in
758 3751 1116 3808 Britanniam
1145 3762 1400 3822 ventum,
1428 3771 1604 3809 naves
1640 3751 1871 3822 XVIII,
1902 3752 1973 3809 de
2002 3752 2209 3826 quibus
2237 3748 2410 3826 supra

353 3839 800 3900 demonstratum
832 3853 938 3913 est,
968 3861 1095 3917 quoe
1136 3842 1358 3917 equites
1400 3844 1766 3915 sustulerant,
1796 3862 1868 3901 ex
1908 3842 2200 3918 superiore
2238 3854 2407 3918 portu

353 3932 471 3992 leni
500 3944 670 3990 vento
709 3933 1016 3990 solverunt.
1096 3933 1251 3995 Quae
1294 3953 1470 4009 quum
1514 3935 2032 4011 appropinquarent
2073 3932 2389 3992 Britannias
