2747 4376
352 297 491 350 cn.
525 297 756 361 m-saj
1062 295 1278 347 masa
1320 296 1697 348 summus.
2310 306 2426 370 ιω

289 431 306 440 κ
351 452 644 517 tutusque,
673 440 962 515 equitibus
1009 438 1287 498 Romanis
1330 440 1880 515 administrantibus,
1910 461 2055 519 quos
2094 445 2150 503 ei
2189 446 2427 526 negotio

352 533 714 610 praefecerat,
769 533 1034 591 celeriter
1101 533 1521 591 transmittitur.
1560 531 1565 536 ’
1604 533 1738 593 Uno
1802 534 1923 593 fere
1993 546 2250 613 tempore
2316 540 2425 597 sub

352 626 548 684 lucem
594 625 852 682 hostibus
897 624 1228 696 nunciatur,
1270 624 1331 682 in
1371 625 1576 683 castris
1615 625 2016 685 Romanorum
2057 640 2261 703 praeter
2289 648 2426 689 cou-

273 793 276 794 ⁷
351 717 722 775 suetudinem
761 715 1121 788 tumultuari,
1151 727 1208 774 et
1235 735 1512 793 magnum
1542 717 1626 775 ire
1656 736 1863 795 agmen
1898 719 2136 778 adverso
2163 720 2423 794 flumine,

350 810 722 883 sonitumque
759 826 1048 866 remorum
1089 808 1150 865 in
1190 808 1397 866 eadem
1436 819 1597 885 parte
1636 809 1917 883 exaudiri,
1960 822 2017 869 et
2057 811 2229 887 paulo
2275 813 2420 873 infra

349 900 567 958 milites
614 900 853 957 navibus
897 900 1285 976 transportari.
1365 900 1605 962 Quibus
1646 902 1818 960 rebus
1865 903 2094 976 auditis,
2138 903 2294 980 quod
2329 924 2423 964 ex·

351 991 686 1058 istimabant
724 991 909 1049 tribus
946 992 1092 1049 locis
1131 992 1375 1050 transire
1413 993 1693 1071 legiones,
1736 1005 1908 1069 atque
1947 1014 2168 1068 omnes,
2204 1010 2425 1072 pertur-

352 1083 519 1144 batos
568 1083 891 1141 desectione
935 1083 1278 1155 AEduorum,
1309 1084 1505 1162 sugam
1532 1104 1754 1161 parare,
1792 1105 1926 1144 suas
1969 1087 2199 1163 quoque
2226 1088 2423 1164 copias

354 1174 417 1233 in
477 1185 593 1234 tres
652 1186 840 1251 partes
906 1173 1334 1233 distribuerunt.
1419 1174 1596 1247 Nam,
1658 1188 1716 1235 et
1775 1179 2044 1253 praesidio
2096 1198 2130 1236 e
2185 1180 2423 1257 regione

352 1278 676 1326 castrorum
725 1267 949 1338 relicto,
997 1277 1055 1324 et
1099 1267 1274 1342 parva
1323 1286 1498 1324 manu
1546 1266 1934 1327 Metiosedum
1982 1289 2179 1328 versus
2225 1271 2420 1344 missa,

352 1378 483 1434 quae
529 1357 753 1417 tantum
794 1358 1252 1435 progrederetur,
1300 1357 1580 1434 quantum
1628 1379 1804 1419 naves
1844 1362 2280 1438 processissent,
2314 1363 2423 1422 rel-

353 1450 520 1526 iquas
547 1451 742 1527 copias
769 1461 971 1508 contra
996 1450 1317 1509 Labienum
1347 1451 1652 1511 duxerunt.

434 1543 627 1602 LXII.
683 1542 879 1601 Prima
933 1543 1067 1602 luce
1125 1553 1184 1601 et
1236 1544 1419 1602 nostri
1477 1564 1678 1603 omnes
1730 1557 1895 1604 erant
1949 1547 2308 1623 tansportati,
2363 1556 2422 1606 et

352 1635 606 1694 hostium
662 1635 817 1693 acies
869 1635 1233 1693 cernebatur.
1315 1634 1631 1709 Labienus,
1678 1637 1892 1696 milites
1938 1640 2290 1711 cohortatus,
2320 1645 2336 1672 ‘
2358 1649 2422 1698 ut

349 1745 473 1785 suae
517 1727 771 1803 pristinae
817 1726 1043 1785 virtutis
1088 1737 1148 1785 et
1192 1737 1279 1785 tot
1320 1728 1870 1787 secundissimorum
1916 1730 2251 1806 proeliorum
2304 1749 2422 1790 me-

349 1819 594 1877 moriam
640 1819 973 1891 retinerent,
1023 1829 1193 1894 atque
1242 1818 1433 1895 ipsum
1475 1819 1788 1892 Caesarem,
1818 1822 1986 1898 cujus
2026 1822 2207 1880 ductu
2246 1842 2422 1899 δερο-

347 1927 598 1970 numero
623 1911 814 1968 hostes
850 1910 1235 1986 superassent,
1262 1921 1605 1986 praesentem
1636 1911 1834 1970 adesse
1861 1913 2290 1985 existimarent,'
2321 1914 2420 1973 dat

347 2001 583 2080 signum
620 2002 822 2078 proelii.
905 2001 1102 2060 Primo
1140 2020 1431 2060 concursu
1475 2003 1547 2060 ab
1573 2002 1775 2060 dextro
1803 2022 2005 2075 cornu,
2035 2005 2135 2063 ubi
2176 2006 2420 2082 septima

348 2093 509 2173 legio
534 2095 888 2166 constiterat,
916 2094 1107 2152 hostes
1132 2094 1444 2170 pelluntur,
1477 2105 1646 2170 atque
1675 2095 1735 2153 in
1765 2095 1961 2173 fugam
1989 2097 2377 2174 conjiciuntur
2401 2116 2416 2156 ε

353 2187 429 2245 ab
474 2186 725 2256 sinistro,
755 2206 926 2262 quem
975 2186 1166 2244 locum
1195 2185 1545 2244 duodecima
1568 2186 1723 2265 legio
1749 2190 2001 2261 tenebat,
2030 2209 2207 2265 quum
2246 2183 2418 2266 primi

348 2279 584 2336 ordines
612 2279 858 2336 hostium
885 2278 1140 2336 transfixi
1168 2279 1301 2354 pilis
1328 2279 1739 2351 concidissent,
1770 2289 1964 2338 tamen
2003 2279 2283 2339 acerrime
2313 2281 2421 2339 rel·

350 2369 476 2445 iqui
502 2371 863 2442 resistebant,
891 2389 1003 2428 nec
1039 2370 1212 2427 dabat
1252 2370 1645 2446 suspicionem
1685 2370 1836 2448 fug'ae
1885 2370 2203 2446 quisquam.
2286 2370 2421 2447 Ipse

341 2461 472 2518 dux
510 2462 760 2519 hostium
799 2461 1231 2541 Camulogenus
1269 2463 1391 2519 suis
1425 2462 1638 2533 aderat,
1669 2474 1840 2536 atque
1866 2480 1967 2520 eos
1995 2463 2399 2521 cohortabatur

354 2554 457 2624 At,
505 2554 728 2611 incerto
772 2544 946 2611 etiam
994 2572 1154 2610 nunc
1192 2554 1349 2611 exitu
1378 2552 1655 2625 victoriae,
1684 2572 1862 2629 quum
1889 2553 2146 2630 septimae
2173 2554 2420 2631 legionis

351 2645 599 2704 tribunis
625 2656 776 2703 esset
801 2644 1161 2718 nunciatum,
1191 2660 1318 2719 quae
1346 2645 1408 2702 in
1436 2645 1669 2703 sinistro
1696 2664 1879 2703 cornu
1906 2656 2262 2723 gererentur,
2289 2656 2420 2722 post

351 2748 579 2814 tergum
637 2737 891 2794 'hostium
947 2737 1236 2814 legionem
1287 2737 1682 2808 ostenderunt,
1737 2736 2017 2814 signaque
2081 2737 2416 2797 intulerunt.

353 2827 451 2887 Ne
491 2848 563 2887 eo
589 2829 820 2904 quidem
852 2839 1107 2904 tempore
1136 2828 1437 2904 quisquam
1479 2829 1609 2887 loco
1655 2829 1849 2900 cessit,
1890 2829 1992 2886 sed
2040 2829 2419 2888 circumventi

351 2940 553 2979 omnes
582 2920 980 2995 interfectique
1002 2930 1151 2978 sunt.
1222 2920 1482 2977 Eandem
1506 2921 1790 2979 fortunam
1813 2921 1945 2978 tulit
1966 2920 2415 2998 Camulogenus.

355 3014 438 3071 At
479 3013 540 3085 ii,
568 3013 666 3089 qui
707 3013 974 3089 praesidio
1005 3022 1208 3070 contra
1240 3023 1430 3070 castra
1472 3012 1717 3071 Labieni
1772 3024 1936 3071 erant
1990 3013 2199 3084 relicti,
2242 3032 2420 3088 quum

353 3105 617 3181 proelium
664 3106 1031 3163 commissum
1064 3103 1376 3175 audissent,
1413 3104 1672 3171 subsidio
1711 3104 1830 3162 suis
1858 3104 2068 3176 ierunt,
2097 3104 2421 3180 collemque

354 3209 651 3273 ceperunt,
679 3215 867 3272 neque
893 3206 1217 3253 nostrorum
1240 3195 1488 3252 militum
1517 3196 1799 3253 victorum
1829 3194 2107 3271 impetum
2136 3196 2420 3254 sustinere

352 3300 677 3365 potuerunt.
761 3289 884 3360 Sic,
913 3306 1046 3345 cum
1074 3287 1194 3344 suis
1222 3286 1575 3363 fugientibus
1621 3286 1908 3363 permixti,
1937 3306 2082 3363 quos
2116 3307 2234 3345 non
2263 3289 2418 3346 silvas

354 3391 691 3455 montesque
716 3389 999 3451 texerunt,
1031 3378 1102 3435 ab
1139 3378 1397 3453 equitatu
1444 3390 1578 3437 sunt
1621 3379 1926 3436 interfecti.
2009 3378 2144 3436 Hoc
2186 3379 2421 3456 negotio

355 3473 641 3544 confecto,
695 3471 988 3529 Labienus
1040 3471 1341 3529 revertitur
1399 3470 1791 3546 Agendicum,
1851 3469 1949 3527 ubi
2011 3470 2421 3545 impedimenta

353 3566 530 3623 totius
568 3563 854 3622 exercitiis
892 3562 1096 3621 relicta
1136 3572 1313 3620 erant.
1397 3560 1544 3620 Inde
1600 3580 1736 3619 cum
1788 3562 2058 3620 omnibus
2109 3560 2292 3637 copiis
2347 3558 2419 3619 ad

352 3658 643 3716 Caesarem
669 3654 945 3732 pervenit.
1890 3678 1893 3681 ·

433 3746 656 3806 LXIII.
712 3746 1057 3805 Defectione
1085 3745 1409 3803 AEduorum
1438 3743 1693 3822 cognita,
1720 3744 1935 3803 bellum
1971 3754 2227 3820 augetur.
2311 3739 2420 3801 Le·

352 3840 618 3919 gationes
669 3838 730 3897 in
783 3857 983 3897 omnes
1035 3849 1226 3914 partes
1279 3837 1841 3895 circummittuntur:
1883 3846 2162 3912 quantum
2208 3833 2416 3911 gratiA,

353 3931 714 4000 auctoritate,
752 3929 1001 4006 pecunia
1044 3930 1255 3999 valent,
1285 3929 1355 3987 ad
1399 3927 1794 3987 sollicitandas
1835 3925 2098 3985 civitates
2137 3926 2399 3985 nituntur
