2747 4376
298 282 380 342 θῇ
950 280 1047 330 DE
1094 280 1327 329 BELLO
1375 281 1695 331 GALLICO
1961 284 2122 348 [Car.
2153 283 2361 333 50-53.

302 423 363 482 in
403 423 494 482 his
535 422 997 481 administrandis
1037 423 1209 482 rebus
1248 422 1424 500 quam
1464 423 1710 483 maxime
1754 426 2088 484 concursari
2128 437 2188 484 et
2228 445 2365 484 cum

301 514 665 579 simulatione
691 514 913 572 timoris
942 514 1035 592 agi
1064 515 1244 591 jubet.

378 605 476 664 LI.
528 605 766 668 Quibus
792 606 1061 664 omnibus
1088 607 1259 664 rebus
1285 606 1478 664 hostes
1500 606 1722 664 invitati
1744 607 1940 683 copias
1958 609 2363 682 transducunt,

302 697 601 772 aciemque
628 697 827 772 iniquo
852 697 984 755 loco
1024 698 1414 775 constituunt3
1457 698 1667 755 nostris
1706 698 1841 757 vero
1884 699 2055 757 etiam
2098 701 2172 758 de
2211 702 2366 759 vallo

300 787 584 860 deductis,
610 785 860 865 propius,
875 788 1181 860 accedunt,
1208 799 1265 846 et
1298 789 1416 846 tela
1455 789 1606 846 intra
1643 789 2023 848 munitionem
2066 809 2139 848 ex
2178 792 2366 850 omni-

299 880 408 937 bus
432 879 691 956 partibus
731 879 1087 956 conjiciunt3
1129 880 1607 956 praeconibusque
1649 881 2082 953 circummissis,
2108 901 2365 958 pronun·
2410 938 2419 943 .

300 970 443 1028 ciari
482 970 707 1047 jubent,
750 978 766 1005 ‘
790 990 892 1030 seu
921 971 1049 1047 quis
1074 971 1276 1029 Gallus
1316 990 1419 1029 seu
1461 971 1766 1030 Romanus
1804 973 1942 1030 velit
1987 984 2118 1031 ante
2158 973 2358 1047 horam

299 1062 526 1120 tertiam
557 1063 628 1120 ad
654 1082 718 1121 se
746 1063 1008 1136 transire,
1036 1063 1160 1121 sine
1186 1063 1448 1139 periculo
1473 1063 1686 1134 licere;
1729 1074 1859 1140 post
1886 1050 1949 1122 id'
1974 1072 2199 1141 tempus
2239 1085 2359 1123 non

301 1153 422 1212 fore
461 1164 831 1231 potestatem:
857 1156 871 1182 ’
917 1173 986 1211 ac
1028 1155 1114 1212 sic
1154 1166 1379 1213 nostros
1422 1166 1908 1231 contempserunt,
1937 1166 2020 1227 ut,
2049 1157 2360 1215 obstructis

301 1244 362 1303 in
407 1245 660 1322 speciem
705 1245 885 1322 portis
930 1246 1173 1322 singulis
1213 1247 1515 1304 ordinibus
1560 1247 1864 1323 cespitum,
1908 1247 2065 1322 quod
2117 1266 2189 1306 ea
2239 1268 2357 1306 non

298 1356 467 1414 posse
494 1338 908 1414 introrumpere
948 1338 1303 1410 videbantur,
1335 1339 1431 1396 alii
1472 1339 1684 1395 vallum
1725 1357 1900 1396 manu
1941 1338 2226 1412 scindere,
2257 1340 2356 1398 alii

301 1428 480 1487 fossas
507 1430 795 1506 complere
822 1429 1157 1506 inciperent.
1239 1429 1396 1487 Tum
1427 1429 1642 1502 Caesar,
1674 1431 1943 1489 omnibus
1980 1431 2160 1507 portis
2191 1451 2360 1509 erup-

299 1521 458 1578 tione
486 1522 658 1593 facta,
687 1521 1058 1597 equitatuque
1103 1521 1332 1593 emisso,
1362 1521 1626 1580 celeriter
1668 1521 1861 1580 hostes
1901 1521 2000 1580 dat
2039 1523 2097 1580 in
2139 1524 2356 1601 fugam,

300 1612 407 1683 sic,
437 1611 521 1669 uti
562 1602 799 1671 omnino
836 1614 1132 1690 pugnandi
1173 1614 1348 1670 causa
1388 1613 1675 1671 resisteret
1716 1632 1924 1684 nemo;
1969 1633 2357 1692 magnumque

299 1721 371 1761 ex
400 1703 486 1760 eis
514 1722 816 1761 numerum
844 1705 1080 1776 occidit,
1112 1714 1280 1779 atque
1308 1723 1508 1762 omnes
1537 1705 1707 1762 armis
1734 1705 1908 1763 exuit.

378 1794 506 1852 LII.
564 1792 823 1872 Longius
848 1796 1115 1871 prosequi
1143 1797 1375 1868 veritus,
1404 1795 1558 1871 quod
1595 1797 1750 1854 silvae
1790 1797 2143 1872 paludesque
2183 1798 2357 1856 inter-

300 1886 602 1958 cedebant,
632 1904 818 1961 neque
846 1887 1019 1944 etiam
1046 1888 1284 1962 parvulo
1310 1888 1654 1945 detrimento
1681 1888 1908 1945 illorum
1949 1889 2142 1946 locum
2182 1890 2356 1947 relin-

299 1977 397 2052 qui
444 1977 692 2049 videbat,
736 1978 1004 2036 omnibus
1052 1978 1171 2037 suis
1214 1979 1600 2037 incolumibus
1648 1969 1850 2055 copiiS,
1893 1979 2097 2037 eodem
2144 1980 2239 2037 die
2282 1981 2356 2038 ad

299 2069 645 2127 Ciceronem
691 2070 965 2145 pervenit.
1048 2070 1349 2128 Institutas
1390 2080 1594 2142 turreS,
1625 2069 1942 2129 testudines
1982 2071 2357 2130 munitiones-

298 2178 409 2236 que
438 2160 685 2219 hostium
717 2161 1058 2220 admiratur:
1100 2162 1383 2238 producta
1423 2161 1673 2240 legione,
1703 2162 2004 2240 cognoscit
2042 2181 2160 2220 non
2200 2163 2359 2222 deci-

298 2271 456 2310 mum
496 2273 783 2329 quemque
830 2272 957 2312 esse
1003 2255 1267 2313 relictum
1321 2249 1564 2313 militem
1617 2256 1742 2312 sine
1797 2256 2047 2312 vulnere.
2132 2255 2222 2313 Ex
2263 2255 2358 2314 his

297 2346 565 2403 omnibus
612 2345 838 2421 judicat
889 2347 1081 2418 rebuS,
1126 2356 1343 2421 quanto
1387 2364 1519 2403 cum
1560 2346 1819 2422 periculo
1864 2356 1924 2404 et
1962 2346 2177 2420 quanta
2218 2366 2355 2405 cum

297 2436 506 2495 virtute
558 2438 673 2495 sint
725 2456 817 2495 res
873 2437 1317 2495 administratae:
1387 2437 1732 2496 Ciceronem
1786 2457 1893 2513 pro
1958 2437 2082 2513 ejus
2149 2437 2359 2497 merito

297 2529 700 2606 legionemque
764 2529 1084 2587 collaudat:
1154 2529 1522 2588 centuriones
1587 2529 1918 2606 singillatim
1981 2529 2357 2604 tribunosque

297 2621 543 2679 militum
589 2621 850 2697 appellat,
880 2639 1120 2695 quorum
1164 2622 1455 2698 egregiam
1498 2619 1674 2678 fuisse
1717 2620 1986 2678 virtutem
2025 2620 2357 2696 testimonio

298 2712 601 2770 Ciceronis
655 2721 1017 2788 cognoverat.
1101 2711 1192 2769 De
1236 2731 1375 2770 casu
1431 2712 1634 2770 Sabini
1688 2723 1746 2770 et
1794 2711 1981 2769 Cottae
2025 2709 2242 2770 certius
2283 2731 2355 2771 ex

298 2802 538 2879 captivis
565 2804 880 2879 cognoscit.
964 2802 1203 2861 Postero
1246 2804 1360 2874 die,
1391 2804 1674 2861 concione
1721 2804 1937 2873 habita,
1966 2821 2088 2860 rem
2132 2814 2356 2880 gestam

295 2894 580 2971 proponit,
622 2894 831 2952 milites
880 2894 1074 2952 consol
1083 2905 1205 2952 atur
1253 2907 1309 2954 et
1355 2895 1690 2953 confirmat:
1747 2895 1900 2970 quod
1947 2895 2355 2953 detrimentum

298 2986 470 3061 culpa
518 2996 578 3043 et
623 2986 946 3044 temeritate
994 2986 1166 3063 legati
1216 2988 1288 3044 sit
1338 2998 1659 3062 acceptum,
1708 2986 1820 3043 hoc
1868 2985 2118 3061 aequiore
2164 2987 2359 3045 animo

298 3078 597 3136 ferendum
626 3078 814 3150 docet,
844 3077 1019 3153 quod,
1051 3078 1333 3136 beneficio
1353 3079 1592 3136 deorum
1621 3078 2027 3136 immortalium
2055 3087 2113 3135 et
2140 3078 2353 3137 virtute

296 3189 493 3228 eorum
550 3170 778 3246 expiato
832 3171 1217 3242 incommodO,
1273 3189 1461 3244 neque
1515 3170 1772 3228 hostibus
1829 3170 2056 3228 diutina
2119 3170 2356 3242 laetatio,

296 3281 485 3337 neque
526 3262 663 3338 ipsis
702 3262 925 3339 longior
968 3263 1126 3319 dolor
1169 3263 1537 3337 relinquatur.
1652 3335 1657 3340 .

377 3354 537 3414 LIII.
592 3354 831 3412 Interim
862 3355 930 3411 ad
961 3354 1280 3411 Labienum
1309 3373 1410 3429 per
1440 3354 1662 3412 Remos
1704 3352 2033 3411 incredibili
2062 3352 2363 3410 celeritate

299 3447 373 3505 de
400 3446 639 3505 victoria
668 3446 915 3503 Caesaris
944 3446 1094 3502 fama
1120 3446 1422 3520 perfertur,
1452 3457 1535 3516 ut,
1565 3465 1740 3520 quum
1782 3445 1851 3501 ab
1891 3444 2147 3501 hibernis
2187 3443 2358 3501 Cice·

298 3539 456 3597 ronis
504 3538 725 3595 abesset
773 3537 1264 3612 milliapassuum
1308 3537 1538 3595 circiter
1578 3536 1710 3608 LX,
1759 3534 1945 3611 eoque
1986 3546 2113 3611 post
2158 3534 2354 3592 horam

299 3650 507 3688 nonam
538 3629 652 3687 diei
681 3629 875 3685 Caesar
905 3629 1276 3704 pervenisset,
1308 3638 1440 3686 ante
1482 3627 1733 3686 mediam
1774 3637 2005 3684 noctem
2053 3627 2123 3683 ad
2164 3638 2357 3702 portas

300 3732 615 3780 castrorum
671 3721 886 3778 clamor
940 3721 1204 3790 oriretur,
1255 3739 1370 3794 quo
1414 3720 1665 3777 clamore
1707 3718 2057 3795 significatio
2102 3718 2358 3777 victoriae

298 3813 718 3889 gratulatioque
748 3813 818 3869 ab
847 3812 1052 3870 Remis
1082 3811 1341 3869 Labieno
1368 3811 1545 3869 fieret.
1629 3810 1763 3868 Hac
1801 3809 1951 3868 fama
1984 3811 2054 3867 ad
2081 3809 2357 3868 Treviros

295 3905 533 3979 perlata,
563 3903 1008 3974 Indutiomarus,
1038 3903 1132 3978 qui
1163 3914 1392 3979 postero
1420 3903 1512 3960 die
1541 3912 1730 3959 castra
1757 3900 2001 3958 Labieni
2022 3920 2356 3979 oppugnare
