2747 4376
322 312 403 373 ω
993 310 1087 359 nn
1131 309 1361 361 senno
1385 282 1729 360 ‘cAnmco
1994 308 2151 374 [cir.
2183 306 2398 386 ιιι-43.

325 468 679 513 veterascere
706 453 1182 512 consuetudinem
1222 454 1441 513 nolint:
1485 453 1663 512 licere
1704 452 1816 510 illis
1857 451 2251 510 incolumibus
2289 467 2393 526 per

327 565 390 605 se
432 565 501 604 ex
546 546 795 603 hibernis
837 546 1153 616 discedere,
1186 556 1262 617 et,
1294 564 1691 620 quascumque
1719 546 1777 604 in
1805 555 1997 621 partes
2037 544 2234 614 velint,
2266 543 2395 599 sine

327 650 482 696 metu
510 638 834 713 proficisci!
920 638 1133 695 Cicero
1162 638 1231 694 ad
1263 639 1388 695 htec
1416 656 1594 694 unum
1633 636 1804 695 modo
1843 637 2167 712 respondit:
2213 642 2229 667 ‘
2250 634 2393 691 Non

327 748 454 788 esse
503 729 977 787 consuetudinem
1021 730 1218 807 populi
1266 729 1522 786 Romani
1567 729 1742 786 ullam
1808 730 2071 803 accipere
2113 728 2186 784 ab
2226 727 2393 784 hoste

330 832 547 879 armato
575 822 1003 879 conditionem:
1045 822 1094 879 si
1137 822 1208 879 ab
1253 820 1425 881 armis
1468 821 1767 878 discedere
1805 820 2094 890 velint,·sc
2132 818 2395 894 adjutore

329 925 583 984 utantur,
631 914 962 989 legatosque
1017 913 1087 971 ad
1145 913 1438 973 Caesarem
1495 913 1765 970 mittant:
1824 929 2053 987 sperare
2103 929 2210 986 pro
2265 910 2395 986 ejus

322 1004 567 1081 justitia,
597 1024 724 1079 quae
763 1004 1047 1079 petierint,
1078 1004 1515 1081 impetraturos!

409 1095 599 1154 XLII.
660 1097 755 1153 Ab
788 1097 907 1153 hac
921 1114 1021 1171 spe
1063 1096 1274 1172 repulsi
1314 1095 1541 1168 Nervii,
1571 1093 1720 1152 vallo
1756 1094 1971 1177 pedum
2009 1092 2103 1150 'XI
2138 1104 2197 1150 et
2239 1092 2392 1150 fossa

329 1187 541 1263 pedum
597 1187 709 1247 XV
771 1187 1009 1244 hiberna
1056 1188 1315 1265 cingunt.
1401 1187 1549 1245 Haec
1600 1196 1661 1244 et
1707 1185 2063 1261 superiorum
2109 1202 2394 1241 annorum

331 1279 748 1339 consuetudine
794 1298 827 1335 a
874 1279 1080 1336 nostris
1128 1289 1537 1356 cognoverant,
1586 1288 1663 1349 et,
1692 1277 1970 1352 quosdam
2017 1276 2091 1333 de
2133 1275 2392 1333 exercitu

330 1371 486 1428 nacti
536 1370 808 1446 captivos,
851 1371 921 1428 ab
971 1370 1058 1428 his
1105 1371 1500 1429 docebantur:
1541 1369 1664 1440 sed,
1709 1368 1869 1426 nulla
1917 1368 2392 1426 ferramentorum

331 1462 521 1538 copia,
550 1481 676 1537 quae
705 1477 838 1519 sunt
869 1462 936 1518 ad
969 1462 1122 1518 bunc
1153 1480 1317 1519 usum
1347 1461 1574 1532 idonea,
1603 1460 1811 1538 gladiis
1838 1459 2114 1535 cespitem
2143 1459 2393 1517 circum·

332 1554 545 1625 cidere,
578 1554 842 1611 manibus
869 1553 1196 1629 sagulisque
1222 1563 1433 1611 terram
1460 1552 1763 1610 exhaurire
1794 1552 2165 1628 cogebantur.
2246 1550 2392 1612 Qua

332 1645 565 1719 quidem
592 1663 660 1702 ex
690 1663 752 1702 re
780 1644 1075 1701 hominum
1107 1643 1412 1701 multitudo
1437 1642 1712 1721 cognosci
1754 1642 1979 1718 potuit:
2022 1660 2157 1699 nam
2196 1640 2394 1699 minus

333 1734 488 1792 horis
535 1734 717 1792 tribus
762 1734 1005 1792 millium
1051 1734 1105 1792 X
1154 1734 1211 1793 in
1262 1735 1514 1792 circuitu
1565 1734 1947 1792 munitionem
1988 1733 2356 1809 perfecerunt
2375 1752 2393 1789 x

332 1826 679 1900 reliquisque
708 1826 912 1886 diebus
938 1836 1124 1883 turres
1153 1826 1223 1883 ad
1253 1826 1613 1884 altitudinem
1651 1825 1803 1896 valli,
1835 1825 2013 1883 falces
2051 1824 2397 1882 testudines-

332 1936 464 1992 que,
494 1936 635 1991 quas
665 1915 835 1973 iidem
865 1916 1073 1992 captivi
1103 1918 1438 1989 docuerant,
1466 1936 1669 1994 parare
1697 1935 1766 1974 ac
1794 1916 1985 1974 facere
2013 1926 2325 1992 coeperunt.

412 2007 631 2067 XLIII.
692 2009 953 2084 Septimo
998 2010 1442 2087 oppugnationis
1495 2010 1611 2081 die,
1658 2008 1909 2066 maximo
1949 2017 2149 2065 coorto
2202 2017 2394 2080 vente,

334 2100 615 2159 ferventes
644 2100 795 2158 fusili
825 2119 895 2159 ex
926 2101 1126 2178 argilla
1153 2101 1392 2177 glandes
1434 2101 1628 2163 fundis
1666 2112 1724 2159 et
1765 2099 2075 2158 fervefacta
2108 2099 2304 2175 jacula
2331 2100 2394 2157 in

333 2210 517 2265 casas,
547 2184 672 2268 quae
721 2212 878 2251 more
918 2193 1149 2251 Gallico
1187 2194 1513 2251 stramentis
1555 2203 1719 2252 erant
1759 2203 1949 2263 tectae,
1973 2192 2167 2268 jacere
2208 2210 2398 2267 coepe-

330 2294 482 2341 runt.
568 2284 677 2342 Hae
707 2285 967 2343 celeriter
998 2285 1191 2362 ignem
1221 2284 1797 2359 comprehenderunt,
1827 2293 1885 2342 et
1924 2283 2078 2342 venti
2111 2284 2397 2359 magnitu-

333 2376 468 2433 dine
496 2375 555 2434 in
584 2395 812 2434 omnem
843 2387 1157 2434 castrorum
1201 2375 1391 2432 locum
1433 2375 1793 2433 distulerunt.
1880 2375 2113 2445 Hostes,
2144 2375 2397 2432 maximo

333 2468 586 2526 clamore
642 2468 910 2539 insecuti,
967 2467 1128 2541 quasi
1185 2467 1345 2542 parta
1388 2466 1507 2542 jam
1565 2477 1735 2541 atque
1787 2466 2077 2542 explorata
2131 2466 2393 2536 victoria,

331 2568 517 2617 turres
544 2558 975 2636 testudinesque
1006 2577 1174 2635 agere
1202 2571 1260 2618 et
1285 2558 1458 2615 scalis
1486 2557 1695 2614 vallum
1726 2558 2037 2615 ascendere
2077 2567 2391 2633 coeperunt.

332 2649 413 2707 At
442 2662 600 2707 tanta
628 2649 1081 2710 militumwirtus
1110 2661 1278 2723 atque
1305 2668 1376 2706 ea
1403 2648 1707 2724 praesentia
1736 2648 1913 2706 animi
1942 2649 2069 2719 fuit,
2100 2660 2181 2718 ut,
2212 2659 2396 2721 quum'

331 2741 586 2815 undique
639 2741 866 2798 flamma
915 2752 1285 2812 torrerentur,
1329 2740 1691 2814 maximaque
1734 2741 1977 2798 telorum
2028 2739 2394 2797 multitudine

328 2844 742 2907 premerentur,
772 2850 990 2907 suaque
1017 2831 1210 2888 omnia
1239 2831 1649 2906 impedimenta
1685 2846 1854 2906 atque
1891 2849 2093 2889 omnes
2133 2831 2392 2889 fortunas

330 2922 687 2999 conflagrare
714 2923 1120 3000 intelligerent,
1150 2942 1265 2979 non
1294 2921 1467 2980 modo
1510 2922 1871 3000 demigrandi
1913 2922 2090 2982 causti
2131 2922 2203 2979 de
2244 2922 2394 2979 vallo

329 3014 636 3072 decederet
652 3033 854 3085 ·nem0,
884 3014 983 3071 sed
1012 3032 1181 3089 poene
1208 3032 1282 3070 ne
1318 3013 1631 3088 respiceret
1672 3014 1905 3089 quidem
1945 3012 2277 3087 quisuuam3
2322 3032 2393 3071 ac

329 3117 449 3162 tum
479 3124 681 3163 omnes
725 3103 1005 3163 acerrime
1049 3103 1472 3180 fortissimeque
1513 3114 1853 3182 pugnarent.
1937 3104 2057 3161 Hic
2098 3104 2222 3165 dies
2262 3124 2393 3162 nos·

328 3196 431 3253 tris
460 3194 630 3273 longe
672 3196 1041 3274 gravissimus
1084 3196 1226 3266 fuit3
1269 3196 1370 3253 sed
1415 3206 1607 3253 tamen
1650 3196 1807 3253 hunc
1854 3196 2054 3254 habuit
2097 3206 2389 3267 eventum,

328 3297 392 3343 ut
419 3306 491 3344 eo
517 3287 611 3345 die
640 3288 921 3345 maximus
948 3288 1198 3345 hostium
1239 3305 1513 3343 numerus
1561 3287 1952 3345 vulneraretur
2002 3298 2171 3361 atque
2218 3286 2394 3344 inter-

329 3377 615 3449 ficeretur,
671 3389 735 3436 ut
789 3397 851 3436 se
904 3379 1012 3435 sub
1069 3379 1194 3454 ipso
1247 3378 1398 3435 vallo
1451 3379 1931 3454 constipaverant,
1989 3396 2392 3452 recessumque

327 3469 526 3545 primis
554 3469 738 3527 ultimi
767 3489 883 3527 non
912 3470 1140 3528 dabant.
1225 3468 1471 3527 Paulum
1501 3470 1733 3544 quidem
1775 3469 2099 3529 intermissa
2135 3469 2367 3526 flamma

328 3572 387 3619 et
415 3561 662 3636 quodam
688 3561 821 3619 loco
859 3561 1001 3619 turri
1045 3561 1250 3619 adacta
1300 3572 1357 3619 et
1406 3562 1781 3638 contingente
1828 3562 2057 3632 vallum,
2086 3560 2268 3618 tertiae
2296 3579 2387 3617 co-

329 3653 508 3711 hortis
536 3653 903 3712 centuriones
930 3672 1001 3710 ex
1029 3671 1119 3724 e0,
1150 3672 1265 3727 quo
1293 3653 1539 3724 stabant,
1568 3655 1698 3710 loco
1730 3664 2111 3723 recesserunt,
2141 3670 2390 3727 suosque

328 3764 528 3803 omnes
556 3755 951 3814 removerunt3
994 3755 1139 3801 nutu
1168 3744 1523 3817 vocibusque
1555 3745 1765 3810 hosteS,
1814 3745 1863 3801 si
1893 3745 2130 3802 introire
2158 3744 2386 3814 vellent,

328 3854 536 3893 vocare
564 3845 880 3911 coeperunt,
910 3854 1151 3910 quorum
1194 3835 1464 3911 progredi
1508 3855 1678 3892 ausus
1722 3845 1808 3892 est
1848 3853 2034 3892 nemo.
2118 3834 2275 3891 Tum
2317 3851 2384 3893 ex

327 3910 485 3983 omni
512 3938 671 4005 parte
701 3927 983 4003 lapidibus
1012 3926 1290 4002 conjectis
1317 3924 1622 3994 deturbati,
1653 3924 1938 3998 turrisque
1967 3942 2250 3981 succensa
2280 3939 2367 3980 est
