2747 4376
375 321 451 376 24
1032 320 1124 367 DE
1145 361 1151 365 .
1171 320 1403 369 BELLO
1453 321 1768 368 GALMCO
2043 322 2196 375 [Cir.
2233 323 2441 368 40—42.

378 462 717 518 viderentur.
812 462 953 518 Haec
974 464 1083 520 sibi
1106 482 1229 520 esse
1253 482 1439 533 curae;
1471 465 1817 521 frumentum
1842 465 2162 537 SequanoS,
2188 463 2438 533 Leucos,

376 552 670 629 Lingonas
697 553 1163 625 subministrare3
1200 556 1435 631 jamque
1462 574 1587 613 esse
1616 557 1672 613 in
1699 557 1849 632 agris
1872 555 2154 612 frumenta
2178 566 2435 612 matura:

374 644 447 702 de
503 646 708 702 itinere
762 645 914 719 ipsos
970 646 1126 703 brevi
1175 657 1433 720 tempore
1473 648 1845 724 judicaturos
1927 645 2112 707 Quod
2155 665 2272 703 non
2315 647 2438 704 fore

374 737 532 793 dicto
561 738 859 794 audientes
886 737 1114 808 militeS,
1144 757 1331 813 neque
1360 741 1528 816 signa
1552 740 1722 796 laturi
1763 739 2048 810 dicantur,
2077 739 2219 795 nihil
2261 758 2324 795 se
2365 740 2436 795 ea

375 846 438 884 re
507 823 885 886 commoveri:
955 830 1105 887 scire
1170 831 1344 901 enim,
1381 816 1897 907 [quibuscumque‘j
1925 831 2212 887 exercitus
2278 830 2437 888 dicto

376 920 615 976 audiens
656 940 771 977 non
814 920 1003 992 fuerit,
1035 932 1151 993 aut,
1182 921 1331 978 mala
1373 908 1437 980 re
1478 923 1659 999 gesta,
1689 922 1973 979 fortunam
2014 922 2283 993 defuisse,
2317 933 2432 994 aut,

376 1011 568 1085 aliquo
620 1012 875 1069 facinore
929 1023 1243 1088 comperto,
1301 1015 1593 1072 avaritiam
1649 1032 1774 1071 esse
1828 1014 2168 1070 convictam.
2252 1015 2433 1071 Suam

375 1103 765 1160 innocentiam
807 1105 1084 1179 perpetua
1126 1105 1267 1176 vita,
1297 1105 1630 1163 felicitatem
1675 1105 2072 1167 Helvetiorum
2117 1105 2267 1162 bello
2306 1123 2433 1164 esse

377 1204 747 1269 perspectam.
831 1195 1034 1270 Itaque
1081 1214 1163 1268 se,
1219 1197 1372 1271 quod
1427 1197 1486 1255 in
1539 1197 1859 1274 longiorem
1914 1196 2067 1253 diem
2121 1197 2433 1253 collaturus

372 1296 541 1357 esset,
601 1298 1156 1362 repraesentaturum,
1213 1300 1270 1345 et
1321 1289 1582 1364 proxima
1635 1298 1806 1346 nocte
1854 1287 1927 1346 de
1980 1288 2180 1362 quarta
2233 1287 2431 1363 vigilia

372 1388 563 1434 castra
604 1388 910 1451 moturum,
953 1390 1014 1436 ut
1069 1379 1242 1454 quam
1297 1380 1546 1455 primam
1602 1381 1922 1456 intelligere
1972 1390 2182 1456 posset,
2237 1378 2429 1436 utram

376 1469 525 1543 apud
570 1487 670 1527 eos
710 1470 892 1545 pudor
939 1481 1108 1545 atque
1162 1472 1437 1543 officium,
1485 1490 1556 1528 an
1611 1472 1780 1529 timor
1835 1471 2062 1529 valeret.
2143 1468 2326 1531 Quod
2381 1473 2427 1527 si

372 1571 647 1635 proeterea
685 1579 857 1619 nemo
902 1574 1191 1636 sequatur,
1234 1575 1426 1620 tamen
1468 1581 1529 1620 se
1578 1583 1711 1620 curn
1755 1563 1878 1621 sola
1926 1563 2155 1620 decima
2201 1563 2429 1639 legione

375 1650 605 1723 iturum,
635 1652 707 1709 de
736 1654 849 1727 qua
877 1672 994 1709 non
1022 1654 1338 1723 dubitaret3
1384 1655 1608 1729 sibique
1635 1673 1762 1711 eam
1784 1655 2107 1729 praetoriam
2135 1655 2427 1711 cohortem

376 1742 656 1801 futuram.'
770 1743 943 1801 Huic.
982 1745 1196 1821 legioni
1252 1746 1449 1802 Caesar
1503 1756 1562 1802 et
1629 1746 1942 1803 indulserat
2002 1746 2314 1822 praecipua,
2371 1760 2428 1802 et

371 1847 598 1910 propter
625 1836 891 1893 virtutem
921 1837 1246 1894 confidebat
1273 1835 1542 1894 maxime.

452 1926 613 1984 XLI.
673 1926 803 1984 Hac
831 1929 1090 1985 oratione
1118 1929 1332 1999 habita,
1365 1929 1574 1986 mirum
1604 1928 1662 1985 in
1691 1928 1924 1985 modurn
1967 1948 2255 1987 conversae
2297 1945 2425 1987 sunt

372 2018 629 2074 omnium
656 2029 896 2091 mentes,
927 2038 1261 2094 summaque
1292 2021 1556 2078 alacritas
1592 2031 1649 2077 et
1690 2020 1974 2096 cupiditas
2015 2021 2149 2078 belli
2192 2023 2427 2097 gerendi
2472 2036 2478 2043 ·

375 2109 571 2167 innata
611 2121 715 2180 est,
745 2112 1127 2186 princepsque
1175 2112 1404 2168 decima
1451 2112 1604 2187 legio
1640 2130 1740 2187 per
1788 2112 2048 2168 tribunos
2087 2113 2331 2169 militum
2373 2115 2424 2170 ei

374 2202 583 2279 gratias
612 2204 749 2280 egit,
780 2203 934 2278 quod
963 2204 1035 2260 de
1063 2222 1125 2261 se
1166 2204 1446 2279 optimum
1480 2203 1764 2279 judicium
1808 2203 2055 2276 fecisset,
2085 2222 2260 2279 seque
2303 2223 2428 2262 esse

375 2296 446 2350 ad
473 2294 684 2353 bellum
715 2295 1028 2372 gerendum
1051 2295 1467 2370 paratissimam
1490 2295 1861 2352 confirmavit.
1945 2295 2172 2353 Deinde
2194 2296 2426 2370 reliquae

375 2386 628 2463 legiones
655 2406 756 2462 per
783 2388 1042 2444 tribunos
1071 2388 1314 2444 militurn
1344 2398 1403 2443 et
1427 2387 1741 2462 primorum
1769 2387 2035 2444 ordinum
2063 2388 2429 2445 centuriones

373 2491 632 2554 egerunt,
667 2478 746 2537 uti
777 2480 992 2537 Caesari
1021 2480 1453 2537 satisfacerent:
1498 2486 1513 2511 ‘
1534 2497 1595 2536 se
1623 2497 1811 2554 neque
1841 2498 2092 2553 unquam
2115 2479 2425 2550 dubitasse,

373 2588 560 2645 neque
613 2572 893 2641 timuisse,
943 2590 1131 2646 neque
1186 2573 1259 2629 de
1306 2572 1531 2628 summa
1579 2571 1714 2628 belli
1763 2590 1930 2627 suum
1978 2570 2281 2646 judicium,
2327 2572 2423 2627 sed

373 2662 729 2736 imperatoris
764 2681 888 2719 esse
936 2664 1383 2719 existimavisse.'
1467 2662 1685 2718 Eorum
1739 2661 2127 2719 satisfactione
2170 2663 2425 2735 accepta,

373 2763 429 2808 et
460 2753 661 2810 itinere
690 2755 973 2827 exquisito
998 2773 1099 2828 per
1129 2754 1503 2823 Divitiacum,
1533 2751 1688 2827 quad
1736 2771 1808 2809 ex
1857 2752 1982 2808 aliis
2026 2752 2079 2808 ei
2122 2754 2425 2814 maximam

373 2843 544 2900 fldem
572 2844 838 2914 habebat,
870 2856 932 2901 ut
960 2846 1204 2901 millium
1247 2842 1492 2919 amplias
1540 2842 1955 2918 quinquaginta
1996 2841 2243 2898 circuitu
2286 2844 2427 2900 locis

374 2937 583 3010 apertis
610 2937 925 2993 exercitum
953 2936 1209 3006 duceret,
1239 2936 1311 2992 de
1348 2935 1550 3009 quarta
1592 2933 1806 3009 vigilia,
1838 2942 1901 2989 ut
1942 2931 2180 3003 dixerat,
2209 2935 2429 3008 profec-

371 3037 464 3084 tus
491 3038 593 3084 est.
679 3028 937 3102 Septimo
963 3028 1076 3097 die,
1107 3045 1283 3101 quum
1312 3026 1418 3083 iter
1455 3043 1571 3080 non
1614 3023 2031 3094 intermitteret,
2063 3023 2134 3079 ab
2175 3026 2429 3099 explora-

374 3119 591 3176 toribus
620 3120 829 3176 certior
859 3119 1042 3175 factus
1070 3130 1155 3175 est
1183 3116 1458 3173 Ariovisti
1487 3117 1682 3191 copias
1712 3134 1745 3172 a
1770 3115 1979 3172 nostris
2011 3115 2265 3173 millibus
2305 3136 2427 3191 pas·

373 3229 541 3268 suurn
569 3222 810 3285 quatuor
837 3220 895 3267 et
922 3208 1122 3284 viginti
1152 3209 1366 3265 abesse.

453 3301 643 3359 XLII.
700 3302 950 3378 Cognito
979 3300 1224 3357 Caesaris
1259 3300 1525 3371 adventu,
1556 3298 1881 3356 Ariovistus
1920 3298 2138 3375 legatos
2182 3298 2251 3354 ad
2294 3318 2425 3356 eum

375 3393 581 3451 mittit:
641 3400 656 3427 ‘
680 3393 831 3467 quod
882 3402 1049 3449 antea
1095 3392 1167 3449 de
1215 3392 1505 3465 colloquio
1551 3391 1911 3467 postulasset,
1958 3390 2014 3446 id
2058 3408 2157 3465 per
2196 3409 2258 3447 se
2304 3390 2423 3446 fieri

320 3501 329 3522 ³
376 3485 571 3554 licere,
620 3485 889 3558 quoniam
936 3482 1170 3559 propias
1226 3484 1596 3552 accessisset3
1661 3500 1834 3556 seque
1883 3481 1941 3538 id
1995 3481 2119 3537 sine
2170 3481 2428 3556 periculo

378 3577 567 3634 facere
620 3595 786 3652 posse
829 3576 1187 3632 existimare)
1291 3573 1430 3631 No‘n
1485 3575 1700 3649 respuit
1753 3572 2142 3629 conditionem
2198 3572 2425 3631 Coesar:

373 3667 602 3744 jamque
644 3687 774 3726 eum
819 3667 887 3724 ad
931 3668 1230 3723 sanitatem
1272 3667 1477 3724 reverti
1523 3666 1918 3733 arbitrabatur,
1949 3683 2123 3737 quum
2170 3664 2245 3732 id,
2277 3665 2428 3736 quod

381 3772 548 3816 antea
599 3759 814 3834 petenti
864 3758 1222 3835 denegasset,
1278 3759 1429 3814 ultro
1480 3758 1882 3832 polliceretur;
1947 3774 2327 3830 magnamque
2370 3747 2450 3811 in‘

378 3853 536 3926 spem
565 3851 845 3919 veniebat,
874 3868 978 3924 pro
1006 3850 1124 3906 suis
1165 3849 1338 3906 tantis
1365 3849 1676 3924 populique
1717 3846 1972 3903 Romani
2021 3847 2080 3922 in
2122 3864 2251 3930 eum
2296 3847 2428 3901 ben-

376 3942 580 4010 eficiis,
624 3942 869 4017 cognitis
912 3941 1030 3997 suis
1074 3941 1393 4015 postulatis,
1440 3940 1578 4008 fore,
1623 3938 1703 3994 uti
1749 3937 2066 4013 pertinacia
2116 3937 2419 3993 desisteret.
