2747 4376
328 309 398 366 ιο
649 281 655 287 ’
974 308 1069 356 m:
1119 307 1350 357 santo
1398 305 1717 357 GAmeo
1988 296 2146 371 teu.
2179 303 2367 354 12-14

322 469 525 508 norum
558 450 617 507 in
647 449 1000 532 Rhodanum
1033 449 1219 507 influit
1248 448 1576 507 incredibili
1603 448 1863 519 lenitate,
1890 447 1972 505 ita
1997 457 2063 504 ut
2088 445 2293 517 oculis,
2323 444 2384 503 in

316 540 508 599 ²utram
536 554 756 618 partem
788 541 945 613 fluat,
971 541 1221 618 judicari
1257 560 1376 599 non
1403 541 1599 617 possit.
1683 539 1753 596 Id
1785 538 2039 597 Helvetii
2067 537 2285 595 ratibus
2314 554 2386 594 ac

320 633 588 692 lintribus
610 634 826 709 junctis
855 634 1188 691 transibant.
1272 633 1386 691 Ubi
1412 651 1514 708 per
1542 631 1926 708 exploratores
1949 630 2144 688 Caesar
2172 629 2384 686 certior

322 717 509 783 factus
536 736 622 782 est
649 737 765 781 tres
787 727 903 800 jam
933 725 1232 833 copiarum
1257 736 1450 800 partes
1492 723 1793 780 Helvetios
1840 722 1897 778 id
1944 720 2158 778 flumen
2203 731 2383 778 trans·

322 816 573 886 duxisse,
624 827 882 891 quartam
931 814 1063 873 vero
1107 826 1328 891 partem
1379 816 1526 872 citra
1569 814 1783 871 flumen
1824 803 2056 870 Ararim
2104 811 2381 886 reliquam

321 925 483 976 esse;
528 907 615 965 de
627 909 792 964 tertia
829 907 1022 984 vigilia
1051 926 1184 964 cum
1216 907 1543 984 legionibus
1578 905 1760 963 tribus
1788 923 1821 962 e
1850 904 2052 962 castris
2092 905 2382 981 profectus

319 1000 396 1057 ad
423 1018 550 1058 eam
580 1012 798 1075 partem
831 999 1106 1074 pervenit,
1136 1017 1263 1074 quae
1306 999 1563 1055 nondum
1606 996 1821 1055 flumen
1860 996 2177 1054 transierat.
2251 995 2382 1054 'Eos

322 1090 628 1166 impeditos
656 1104 711 1147 et
743 1090 1103 1166 inopinantes
1132 1108 1453 1166 aggressuS,
1477 1107 1744 1165 magnam
1774 1104 1972 1145 eorum
1999 1099 2216 1167 partem
2247 1104 2382 1144 con-

321 1181 502 1239 cidit:
544 1171 750 1257 reliqui
796 1181 946 1258 fugae
992 1199 1119 1238 sese
1161 1180 1527 1251 mandarunt,
1558 1191 1728 1254 atque
1776 1179 1836 1235 in
1882 1179 2170 1255 proximas
2211 1179 2382 1237 silvas

323 1273 683 1330 abdiderunt.
793 1271 853 1330 Is
903 1290 1087 1350 pagus
1140 1272 1529 1348 appellabatur
1581 1269 1938 1347 Tigurinus:
2006 1288 2141 1327 nam
2193 1269 2383 1329 omnis

322 1364 525 1422 civitas
554 1364 825 1422 Helvetia
852 1365 911 1421 in
940 1375 1182 1439 quatuor
1209 1380 1390 1440 pagos
1418 1362 1600 1419 divisa
1639 1372 1742 1421 est.
1827 1361 1946 1419 Hic
1987 1381 2169 1439 pagus
2211 1381 2380 1435 unus,

321 1475 498 1532 quum
549 1454 723 1527 domo
769 1455 999 1526 exisset,
1046 1465 1273 1530 patrum
1316 1464 1642 1511 nostrorum
1683 1453 1962 1511 memoria
2004 1453 2069 1511 L.
2113 1453 2380 1513 Cassium

323 1547 619 1606 consulem
667 1546 1051 1617 interfecerat,
1092 1557 1151 1603 et
1191 1545 1314 1622 ejus
1360 1545 1677 1603 exercitum
1728 1544 1836 1602 sub
1878 1544 2082 1623 jugum
2132 1546 2379 1606 miserat.

321 1638 432 1711 Ita,
461 1638 581 1696 sive
608 1657 748 1696 casu
776 1638 896 1695 sive
933 1636 1178 1694 consilio
1217 1637 1455 1719 deorum
1499 1635 1927 1708 immortalium,
1956 1656 2084 1713 quae
2110 1654 2241 1714 pars
2269 1639 2384 1696 civ-

323 1730 478 1790 itatis
506 1729 789 1788 Helvetiae
818 1728 1103 1806 insignem
1133 1728 1518 1786 calamitatem
1553 1727 1766 1804 populo
1793 1728 2066 1788 Romano
2093 1729 2382 1802 intulerat,

324 1840 394 1880 ea
418 1822 690 1898 princeps
715 1840 915 1897 poenas
941 1819 1228 1896 persolvit.
1308 1819 1453 1881 Qua
1482 1817 1542 1875 in
1571 1837 1633 1877 re
1660 1818 1857 1877 Caesar
1886 1838 2003 1893 non
2031 1820 2218 1879 solum
2243 1822 2385 1897 pub-

323 1913 487 1984 iicas,
515 1913 617 1970 sed
645 1912 819 1971 etiam
847 1912 1096 1987 privatas
1123 1911 1362 1988 injurias
1405 1911 1557 1968 ultus
1598 1921 1704 1982 est,
1735 1910 1889 1986 quod
1932 1912 2055 1989 ejus
2095 1915 2280 1971 soceri
2314 1913 2380 1973 L.

326 2004 552 2062 Pisonis
580 2023 769 2074 avum,
798 2002 864 2060 L.
895 2003 1165 2060 Pisonem
1192 2002 1468 2080 legatum,
1495 2001 1773 2080 Tigurini
1795 2003 1999 2062 eodem
2025 2005 2247 2080 proelio,
2269 2024 2385 2081 quo

325 2095 613 2166 Cassium,
646 2094 1066 2151 interfecerant.

403 2187 574 2246 XIII.
633 2186 769 2244 Hoc
818 2186 1022 2262 proelio
1075 2184 1248 2258 factu,
1304 2186 1556 2263 reliquas
1611 2187 1809 2265 copias
1863 2187 2263 2247 Helvetiorum
2323 2200 2383 2249 ut

226 2277 233 2288 ’
326 2279 600 2355 consequi
641 2289 854 2355 posset,
894 2288 1129 2354 pontem
1171 2278 1231 2336 in
1281 2278 1454 2338 Arari
1501 2280 1829 2338 faciendum
1879 2291 2061 2352 curat,
2094 2292 2263 2355 atque
2306 2280 2383 2339 ita

325 2373 641 2432 exercitum
684 2371 1022 2430 transducit.
1106 2369 1361 2428 Helvetii
1411 2372 1713 2448 repentino
1752 2372 1887 2448 ejus·
1932 2373 2175 2430 adventu
2230 2392 2384 2430 com-

325 2464 487 2535 moti,
516 2483 705 2545 quum·
742 2463 801 2520 id
845 2462 999 2537 quod
1048 2460 1155 2537 ipsi
1204 2462 1409 2520 diebus
1455 2483 1527 2520 xx
1576 2464 1873 2541 aegerrime
1901 2464 2289 2536 confecerant,
2322 2475 2384 2523 ut
2425 2473 2460 2524 ἵ

326 2555 540 2613 flumen
582 2556 910 2624 transirent,
957 2572 1075 2610 uno
1117 2552 1277 2610 illum
1321 2554 1416 2611 die
1459 2555 1665 2612 fecisse
1708 2554 2111 2633 intelligerent,
2167 2557 2384 2633 legatos

241 2677 251 2691 ·
327 2647 397 2704 ad
426 2665 558 2704 eum
588 2647 820 2703 mittunt
844 2665 856 2702 :
901 2645 1066 2720 cujus
1093 2644 1398 2720 legationis
1426 2645 1637 2716 Divico
1661 2648 1930 2724 princeps
1961 2649 2085 2719 fuit,
2109 2649 2204 2723 qui
2235 2649 2385 2707 bello

326 2738 608 2795 Cassiano
654 2736 769 2793 dux
819 2735 1214 2792 Helvetiorum
1261 2734 1444 2793 fuerat
1545 2736 1603 2793 Is
1648 2738 1727 2793 ita
1773 2757 1905 2794 eum
1955 2739 2185 2796 Caesare
2229 2742 2381 2815 agit:

254 2855 266 2870 ι
326 2836 342 2863 ‘
364 2829 429 2886 Si
458 2847 661 2905 pacem
688 2828 934 2904 populus
955 2826 1260 2883 Romanus
1289 2845 1424 2882 cum
1448 2826 1730 2884 Helvetiis
1760 2828 1994 2906 faceret,
2020 2828 2077 2885 in
2105 2848 2230 2886 eam
2260 2849 2385 2905 par-

326 2931 443 2979 tem
474 2920 671 2992 ituros,
703 2929 873 2994 atque
901 2917 981 2974 ibi
1025 2917 1245 2975 futuros
1287 2916 1605 2989 HelvetiOS,
1636 2919 1735 2975 ubi
1777 2936 1876 2976 eos
1917 2919 2113 2977 Caesar
2153 2922 2385 2980 constit-

327 3013 525 3098 uisset,
577 3022 747 3087 atque
795 3027 922 3068 esse
946 3008 1274 3069 voluisset:
1333 3009 1423 3065 sin
1472 3009 1624 3066 bello
1663 3010 1929 3086 persequi
1977 3023 2383 3087 perseveraret,

248 3141 260 3156 ·
327 3104 791 3163 reminisceretur
818 3112 876 3159 et
903 3100 1110 3157 veteris
1138 3099 1490 3178 incommodi
1518 3101 1714 3176 populi
1743 3101 2018 3174 Romani,
2047 3113 2104 3161 et
2129 3104 2385 3179 pristinae

328 3196 554 3253 virtutis
608 3192 1022 3251 Helvetiorum.
1104 3190 1288 3252 Quod
1332 3191 1645 3266 improviso,
1682 3211 1861 3250 unum
1902 3214 2111 3272 pagum
2156 3195 2387 3255 adortus
2431 3225 2452 3236 ‹-

330 3296 498 3357 esset,
528 3304 705 3362 quum
734 3284 795 3355 ii,
825 3282 924 3357 qui
952 3280 1168 3339 fiumen
1210 3280 1568 3355 transissent,
1598 3284 1717 3341 suis
1762 3285 2034 3343 auxilium
2082 3286 2229 3344 ferre
2269 3281 2388 3346 'non

330 3388 580 3455 possent,
610 3395 684 3434 ne
712 3376 787 3432 ob
824 3393 951 3431 eam
994 3391 1116 3430 rem
1160 3384 1257 3431 aut
1296 3393 1415 3431 suae
1463 3394 1810 3451 magnopere
1859 3376 2048 3434 virtuti
2090 3379 2386 3452 tribueret,

332 3480 430 3527 aut
458 3459 610 3545 ipsos
638 3467 991 3543 despiceret:
1034 3484 1097 3522 se
1125 3464 1204 3522 ita
1247 3484 1280 3522 a
1317 3466 1576 3541 patribus
1617 3465 2039 3543 majoribusque
2086 3470 2205 3526 suis
2246 3470 2391 3528 didi-

333 3562 500 3631 cisse,
544 3570 608 3617 ut
654 3559 839 3634 magis
885 3557 1093 3614 virtute
1140 3555 1316 3632 quam
1360 3558 1492 3615 dolo
1534 3559 1969 3629 contenderent,
2021 3574 2119 3618 aut
2166 3562 2390 3620 insidiis
2449 3583 2463 3608 δ
2557 3581 2562 3586 ·

332 3652 665 3712 niterentur.
748 3650 953 3712 Quare
1001 3667 1074 3706 ne
1122 3650 1524 3721 committeret,
1554 3661 1618 3707 ut
1660 3650 1707 3708 is
1747 3651 1930 3720 locuS,
1960 3652 2058 3708 ubi
2109 3637 2391 3710 constitis-
2425 3695 2454 3718 ,

333 3756 481 3816 sent,
531 3762 602 3801 ex
644 3733 970 3800 calamitate
1008 3740 1205 3816 populi
1254 3740 1508 3798 Romani
1558 3753 1616 3799 et
1664 3742 2060 3801 internecione
2107 3733 2393 3804 exercitiis

334 3855 546 3896 nomen
576 3847 827 3911 caperet,
858 3842 955 3889 aut
982 3831 1320 3889 memoriam
1346 3833 1648 3907 proderet.'

418 3923 581 3984 XIV.
641 3925 751 3983 His
792 3923 987 3981 Caesar
1031 3923 1113 3979 ita
1131 3922 1467 3998 respondit:
1511 3931 1526 3958 ‘
1548 3923 1638 3980 Eo
1666 3924 1775 3982 sibi
1804 3926 1994 3983 minus
2022 3925 2393 3984 dubitationis
