<?xml version="1.0" encoding="UTF-8"?>
<!DOCTYPE html PUBLIC "-//W3C//DTD XHTML 1.0 Transitional//EN"
    "http://www.w3.org/TR/xhtml1/DTD/xhtml1-transitional.dtd">
<html xmlns="http://www.w3.org/1999/xhtml" xml:lang="en" lang="en">
 <head>
  <title>
</title>
<meta http-equiv="Content-Type" content="text/html;charset=utf-8" />
  <meta name='ocr-system' content='tesseract 3.04.00' />
  <meta name='ocr-capabilities' content='ocr_page ocr_carea ocr_par ocr_line ocrx_word'/>
</head>
<body>
  <div class='ocr_page' id='page_1' title='image "./andrewscaesar00andrgoog_0033.png"; bbox 0 0 2747 4376; ppageno 0'>
   <div class='ocr_carea' id='block_1_1' title="bbox 352 260 2423 325">
    <p class='ocr_par' dir='ltr' id='par_1_1' title="bbox 352 260 2423 325">
     <span class='ocr_line' id='line_1_1' title="bbox 352 260 2423 325; baseline 0 -17"><span class='ocrx_word' id='word_1_1' title='bbox 352 260 489 308; x_wconf 70' lang='lat' dir='ltr'><strong>Cu.</strong></span> <span class='ocrx_word' id='word_1_2' title='bbox 524 261 603 321; x_wconf 82' lang='lat'><strong>31,</strong></span> <span class='ocrx_word' id='word_1_3' title='bbox 637 261 735 323; x_wconf 71' lang='lat'><strong>32]</strong></span> <span class='ocrx_word' id='word_1_4' title='bbox 1129 261 1341 310; x_wconf 81' lang='lat' dir='ltr'>LIBER</span> <span class='ocrx_word' id='word_1_5' title='bbox 1387 262 1673 311; x_wconf 82' lang='lat' dir='ltr'><strong>PRIMUS.</strong></span> <span class='ocrx_word' id='word_1_6' title='bbox 2356 270 2423 325; x_wconf 72' lang='lat'><strong>19</strong></span> 
     </span>
    </p>
   </div>
   <div class='ocr_carea' id='block_1_2' title="bbox 305 386 2425 2598">
    <p class='ocr_par' dir='ltr' id='par_1_2' title="bbox 305 386 2425 2598">
     <span class='ocr_line' id='line_1_2' title="bbox 352 386 2425 483; baseline 0.002 -21"><span class='ocrx_word' id='word_1_7' title='bbox 352 405 662 479; x_wconf 89' lang='lat' dir='ltr'><strong>Sequanis,</strong></span> <span class='ocrx_word' id='word_1_8' title='bbox 707 403 881 479; x_wconf 70' lang='lat' dir='ltr'><strong>quam</strong></span> <span class='ocrx_word' id='word_1_9' title='bbox 923 403 1133 462; x_wconf 89' lang='lat' dir='ltr'><strong>AEduis</strong></span> <span class='ocrx_word' id='word_1_10' title='bbox 1174 405 1341 463; x_wconf 87' lang='lat' dir='ltr'><strong>victis</strong></span> <span class='ocrx_word' id='word_1_11' title='bbox 1385 406 1686 478; x_wconf 89' lang='lat' dir='ltr'><strong>accidisse,</strong></span> <span class='ocrx_word' id='word_1_12' title='bbox 1716 386 2017 483; x_wconf 81' lang='lat' dir='ltr'><strong>propterea</strong></span> <span class='ocrx_word' id='word_1_13' title='bbox 2059 406 2215 482; x_wconf 74' lang='lat' dir='ltr'><strong>quod</strong></span> <span class='ocrx_word' id='word_1_14' title='bbox 2258 408 2425 466; x_wconf 89' lang='lat' dir='ltr'><strong>Ario-</strong></span> 
     </span>
     <span class='ocr_line' id='line_1_3' title="bbox 353 497 2423 571; baseline 0.002 -18"><span class='ocrx_word' id='word_1_15' title='bbox 353 497 555 567; x_wconf 78' lang='lat' dir='ltr'><strong>vistuS,</strong></span> <span class='ocrx_word' id='word_1_16' title='bbox 583 515 684 554; x_wconf 86' lang='lat' dir='ltr'><strong>rex</strong></span> <span class='ocrx_word' id='word_1_17' title='bbox 709 497 1152 568; x_wconf 82' lang='lat' dir='ltr'><strong>Germanorum,</strong></span> <span class='ocrx_word' id='word_1_18' title='bbox 1183 498 1242 554; x_wconf 91' lang='lat' dir='ltr'><strong>in</strong></span> <span class='ocrx_word' id='word_1_19' title='bbox 1272 517 1473 555; x_wconf 88' lang='lat' dir='ltr'><strong>eorum</strong></span> <span class='ocrx_word' id='word_1_20' title='bbox 1515 498 1725 556; x_wconf 89' lang='lat' dir='ltr'><strong>finibus</strong></span> <span class='ocrx_word' id='word_1_21' title='bbox 1766 500 2142 571; x_wconf 74' lang='lat' dir='ltr'>consedisset,</span> <span class='ocrx_word' id='word_1_22' title='bbox 2172 500 2423 557; x_wconf 86' lang='lat' dir='ltr'><strong>tertiam-</strong></span> 
     </span>
     <span class='ocr_line' id='line_1_4' title="bbox 352 589 2423 666; baseline 0.002 -22"><span class='ocrx_word' id='word_1_23' title='bbox 352 607 468 663; x_wconf 88' lang='lat' dir='ltr'><strong>que</strong></span> <span class='ocrx_word' id='word_1_24' title='bbox 494 600 716 664; x_wconf 86' lang='lat' dir='ltr'><strong>partem</strong></span> <span class='ocrx_word' id='word_1_25' title='bbox 748 589 870 666; x_wconf 87' lang='lat' dir='ltr'><strong>agri</strong></span> <span class='ocrx_word' id='word_1_26' title='bbox 900 589 1176 663; x_wconf 88' lang='lat' dir='ltr'><strong>Sequani,</strong></span> <span class='ocrx_word' id='word_1_27' title='bbox 1207 591 1304 663; x_wconf 92' lang='lat' dir='ltr'><strong>qui</strong></span> <span class='ocrx_word' id='word_1_28' title='bbox 1334 601 1486 647; x_wconf 86' lang='lat' dir='ltr'><strong>esset</strong></span> <span class='ocrx_word' id='word_1_29' title='bbox 1512 591 1762 665; x_wconf 90' lang='lat' dir='ltr'><strong>optimus</strong></span> <span class='ocrx_word' id='word_1_30' title='bbox 1788 591 1965 648; x_wconf 89' lang='lat' dir='ltr'><strong>totius</strong></span> <span class='ocrx_word' id='word_1_31' title='bbox 1993 592 2218 663; x_wconf 83' lang='lat' dir='ltr'><strong>Galliae,</strong></span> <span class='ocrx_word' id='word_1_32' title='bbox 2247 610 2423 649; x_wconf 89' lang='lat' dir='ltr'><strong>occu-</strong></span> 
     </span>
     <span class='ocr_line' id='line_1_5' title="bbox 353 680 2421 759; baseline 0 -20"><span class='ocrx_word' id='word_1_33' title='bbox 353 681 621 755; x_wconf 83' lang='lat' dir='ltr'><strong>pavisset,</strong></span> <span class='ocrx_word' id='word_1_34' title='bbox 654 692 711 738; x_wconf 90' lang='lat' dir='ltr'><strong>et</strong></span> <span class='ocrx_word' id='word_1_35' title='bbox 737 699 898 737; x_wconf 90' lang='lat' dir='ltr'><strong>nunc</strong></span> <span class='ocrx_word' id='word_1_36' title='bbox 924 681 998 738; x_wconf 89' lang='lat' dir='ltr'><strong>de</strong></span> <span class='ocrx_word' id='word_1_37' title='bbox 1026 680 1204 738; x_wconf 66' lang='lat' dir='ltr'><strong>altera</strong></span> <span class='ocrx_word' id='word_1_38' title='bbox 1230 692 1392 756; x_wconf 89' lang='lat' dir='ltr'><strong>parte</strong></span> <span class='ocrx_word' id='word_1_39' title='bbox 1420 683 1589 740; x_wconf 69' lang='lat' dir='ltr'><strong>tertia</strong></span> <span class='ocrx_word' id='word_1_40' title='bbox 1610 683 1919 757; x_wconf 84' lang='lat' dir='ltr'><strong>Sequanos</strong></span> <span class='ocrx_word' id='word_1_41' title='bbox 1946 683 2229 740; x_wconf 78' lang='lat' dir='ltr'><strong>decedere</strong></span> <span class='ocrx_word' id='word_1_42' title='bbox 2258 682 2421 759; x_wconf 87' lang='lat' dir='ltr'><strong>jube-</strong></span> 
     </span>
     <span class='ocr_line' id='line_1_6' title="bbox 305 766 2421 848; baseline 0.001 -19"><span class='ocrx_word' id='word_1_43' title='bbox 305 766 312 769; x_wconf 43' lang='lat'><em>*</em></span> <span class='ocrx_word' id='word_1_44' title='bbox 355 783 462 843; x_wconf 75' lang='lat' dir='ltr'><strong>ret,</strong></span> <span class='ocrx_word' id='word_1_45' title='bbox 516 783 821 848; x_wconf 88' lang='lat' dir='ltr'><strong>propterea</strong></span> <span class='ocrx_word' id='word_1_46' title='bbox 874 770 1029 846; x_wconf 74' lang='lat' dir='ltr'><strong>quod</strong></span> <span class='ocrx_word' id='word_1_47' title='bbox 1082 774 1283 848; x_wconf 88' lang='lat' dir='ltr'><strong>paucis</strong></span> <span class='ocrx_word' id='word_1_48' title='bbox 1337 774 1633 831; x_wconf 90' lang='lat' dir='ltr'><strong>mensibus</strong></span> <span class='ocrx_word' id='word_1_49' title='bbox 1689 772 1823 832; x_wconf 72' lang='lat' dir='ltr'><strong>ante</strong></span> <span class='ocrx_word' id='word_1_50' title='bbox 1880 774 2187 832; x_wconf 87' lang='lat' dir='ltr'><strong>Harudum</strong></span> <span class='ocrx_word' id='word_1_51' title='bbox 2240 776 2421 834; x_wconf 77' lang='lat' dir='ltr'><strong>millia</strong></span> 
     </span>
     <span class='ocr_line' id='line_1_7' title="bbox 357 863 2419 943; baseline 0.002 -23"><span class='ocrx_word' id='word_1_52' title='bbox 357 864 655 921; x_wconf 87' lang='lat' dir='ltr'><strong>hominum</strong></span> <span class='ocrx_word' id='word_1_53' title='bbox 685 863 895 920; x_wconf 90' lang='lat' dir='ltr'>XXIV</span> <span class='ocrx_word' id='word_1_54' title='bbox 927 864 1000 921; x_wconf 87' lang='lat' dir='ltr'><strong>ad</strong></span> <span class='ocrx_word' id='word_1_55' title='bbox 1026 883 1158 925; x_wconf 90' lang='lat' dir='ltr'><strong>eum</strong></span> <span class='ocrx_word' id='word_1_56' title='bbox 1186 866 1496 936; x_wconf 86' lang='lat' dir='ltr'><strong>venissent,</strong></span> <span class='ocrx_word' id='word_1_57' title='bbox 1527 866 1736 940; x_wconf 88' lang='lat' dir='ltr'><strong>quibus</strong></span> <span class='ocrx_word' id='word_1_58' title='bbox 1775 867 1940 924; x_wconf 87' lang='lat' dir='ltr'><strong>locus</strong></span> <span class='ocrx_word' id='word_1_59' title='bbox 1968 885 2038 923; x_wconf 89' lang='lat' dir='ltr'><strong>ac</strong></span> <span class='ocrx_word' id='word_1_60' title='bbox 2066 867 2233 924; x_wconf 86' lang='lat' dir='ltr'><strong>sedes</strong></span> <span class='ocrx_word' id='word_1_61' title='bbox 2257 886 2419 943; x_wconf 82' lang='lat' dir='ltr'><strong>para-</strong></span> 
     </span>
     <span class='ocr_line' id='line_1_8' title="bbox 355 955 2416 1031; baseline 0.002 -18"><span class='ocrx_word' id='word_1_62' title='bbox 355 967 569 1014; x_wconf 89' lang='lat' dir='ltr'><strong>rentur.</strong></span> <span class='ocrx_word' id='word_1_63' title='bbox 652 955 938 1013; x_wconf 88' lang='lat' dir='ltr'><strong>Futurum</strong></span> <span class='ocrx_word' id='word_1_64' title='bbox 965 974 1091 1012; x_wconf 88' lang='lat' dir='ltr'><strong>esse</strong></span> <span class='ocrx_word' id='word_1_65' title='bbox 1116 957 1318 1031; x_wconf 88' lang='lat' dir='ltr'><strong>paucis</strong></span> <span class='ocrx_word' id='word_1_66' title='bbox 1348 958 1532 1028; x_wconf 87' lang='lat' dir='ltr'><strong>annis,</strong></span> <span class='ocrx_word' id='word_1_67' title='bbox 1555 956 1638 1015; x_wconf 80' lang='lat' dir='ltr'><strong>uti</strong></span> <span class='ocrx_word' id='word_1_68' title='bbox 1667 977 1868 1016; x_wconf 90' lang='lat' dir='ltr'><strong>omnes</strong></span> <span class='ocrx_word' id='word_1_69' title='bbox 1890 977 1961 1016; x_wconf 86' lang='lat' dir='ltr'><strong>ex</strong></span> <span class='ocrx_word' id='word_1_70' title='bbox 1980 959 2183 1016; x_wconf 84' lang='lat' dir='ltr'><strong>Galliae</strong></span> <span class='ocrx_word' id='word_1_71' title='bbox 2206 959 2416 1017; x_wconf 86' lang='lat' dir='ltr'><strong>finibus</strong></span> 
     </span>
     <span class='ocr_line' id='line_1_9' title="bbox 355 1049 2416 1126; baseline 0.002 -21"><span class='ocrx_word' id='word_1_72' title='bbox 355 1049 723 1124; x_wconf 81' lang='lat' dir='ltr'><strong>pellerentur,</strong></span> <span class='ocrx_word' id='word_1_73' title='bbox 755 1059 928 1122; x_wconf 88' lang='lat' dir='ltr'><strong>atque</strong></span> <span class='ocrx_word' id='word_1_74' title='bbox 966 1067 1166 1105; x_wconf 90' lang='lat' dir='ltr'><strong>omnes</strong></span> <span class='ocrx_word' id='word_1_75' title='bbox 1205 1049 1484 1106; x_wconf 81' lang='lat' dir='ltr'><strong>Germani</strong></span> <span class='ocrx_word' id='word_1_76' title='bbox 1524 1049 1799 1107; x_wconf 77' lang='lat' dir='ltr'><strong>‘Rhenum</strong></span> <span class='ocrx_word' id='word_1_77' title='bbox 1842 1053 2186 1108; x_wconf 86' lang='lat' dir='ltr'><strong>transirent:</strong></span> <span class='ocrx_word' id='word_1_78' title='bbox 2228 1070 2416 1126; x_wconf 87' lang='lat' dir='ltr'><strong>neque</strong></span> 
     </span>
     <span class='ocr_line' id='line_1_10' title="bbox 355 1139 2413 1222; baseline 0.002 -25"><span class='ocrx_word' id='word_1_79' title='bbox 355 1140 512 1197; x_wconf 87' lang='lat' dir='ltr'><strong>enim</strong></span> <span class='ocrx_word' id='word_1_80' title='bbox 566 1139 981 1222; x_wconf 87' lang='lat' dir='ltr'><strong>conferendum</strong></span> <span class='ocrx_word' id='word_1_81' title='bbox 1033 1157 1159 1197; x_wconf 89' lang='lat' dir='ltr'><strong>esse</strong></span> <span class='ocrx_word' id='word_1_82' title='bbox 1218 1140 1510 1197; x_wconf 89' lang='lat' dir='ltr'><strong>Gallicum</strong></span> <span class='ocrx_word' id='word_1_83' title='bbox 1563 1160 1699 1199; x_wconf 89' lang='lat' dir='ltr'><strong>curn</strong></span> <span class='ocrx_word' id='word_1_84' title='bbox 1764 1142 2188 1200; x_wconf 89' lang='lat' dir='ltr'><strong>Germanorum</strong></span> <span class='ocrx_word' id='word_1_85' title='bbox 2257 1163 2413 1220; x_wconf 83' lang='lat' dir='ltr'><strong>agr0,</strong></span> 
     </span>
     <span class='ocr_line' id='line_1_11' title="bbox 358 1230 2412 1310; baseline 0.002 -21"><span class='ocrx_word' id='word_1_86' title='bbox 358 1250 545 1306; x_wconf 86' lang='lat' dir='ltr'><strong>neque</strong></span> <span class='ocrx_word' id='word_1_87' title='bbox 599 1231 751 1289; x_wconf 87' lang='lat' dir='ltr'><strong>hanc</strong></span> <span class='ocrx_word' id='word_1_88' title='bbox 805 1230 1281 1291; x_wconf 59' lang='lat' dir='ltr'><strong>*consuetudinem</strong></span> <span class='ocrx_word' id='word_1_89' title='bbox 1340 1232 1529 1291; x_wconf 70' lang='lat' dir='ltr'><strong>victus</strong></span> <span class='ocrx_word' id='word_1_90' title='bbox 1581 1252 1717 1290; x_wconf 89' lang='lat' dir='ltr'><strong>cum</strong></span> <span class='ocrx_word' id='word_1_91' title='bbox 1784 1234 1884 1291; x_wconf 71' lang='lat' dir='ltr'><strong>illa</strong></span> <span class='ocrx_word' id='word_1_92' title='bbox 1951 1237 2412 1310; x_wconf 80' lang='lat' dir='ltr'><strong>comparandam.</strong></span> 
     </span>
     <span class='ocr_line' id='line_1_12' title="bbox 356 1314 2414 1401; baseline 0.001 -19"><span class='ocrx_word' id='word_1_93' title='bbox 356 1314 712 1383; x_wconf 62' lang='lat' dir='ltr'><strong>{Ariovistum</strong></span> <span class='ocrx_word' id='word_1_94' title='bbox 760 1334 968 1395; x_wconf 84' lang='lat' dir='ltr'><strong>autem,</strong></span> <span class='ocrx_word' id='word_1_95' title='bbox 1012 1335 1077 1381; x_wconf 92' lang='lat' dir='ltr'><strong>ut</strong></span> <span class='ocrx_word' id='word_1_96' title='bbox 1119 1323 1295 1381; x_wconf 91' lang='lat' dir='ltr'><strong>semel</strong></span> <span class='ocrx_word' id='word_1_97' title='bbox 1348 1324 1650 1381; x_wconf 79' lang='lat' dir='ltr'><strong>Gallorum</strong></span> <span class='ocrx_word' id='word_1_98' title='bbox 1697 1326 1895 1400; x_wconf 85' lang='lat' dir='ltr'><strong>copias</strong></span> <span class='ocrx_word' id='word_1_99' title='bbox 1944 1326 2148 1401; x_wconf 89' lang='lat' dir='ltr'><strong>proelio</strong></span> <span class='ocrx_word' id='word_1_100' title='bbox 2192 1328 2414 1399; x_wconf 86' lang='lat' dir='ltr'><strong>vicerit,</strong></span> 
     </span>
     <span class='ocr_line' id='line_1_13' title="bbox 354 1414 2416 1492; baseline 0.002 -19"><span class='ocrx_word' id='word_1_101' title='bbox 354 1417 507 1492; x_wconf 92' lang='lat' dir='ltr'><strong>quod</strong></span> <span class='ocrx_word' id='word_1_102' title='bbox 534 1416 800 1492; x_wconf 88' lang='lat' dir='ltr'><strong>proelium</strong></span> <span class='ocrx_word' id='word_1_103' title='bbox 830 1416 1045 1473; x_wconf 83' lang='lat' dir='ltr'><strong>facturn</strong></span> <span class='ocrx_word' id='word_1_104' title='bbox 1072 1416 1148 1473; x_wconf 89' lang='lat' dir='ltr'><strong>sit</strong></span> <span class='ocrx_word' id='word_1_105' title='bbox 1175 1416 1247 1472; x_wconf 90' lang='lat' dir='ltr'><strong>ad</strong></span> <span class='ocrx_word' id='word_1_106' title='bbox 1275 1414 1719 1492; x_wconf 86' lang='lat' dir='ltr'><strong>Magetobriam,</strong></span> <span class='ocrx_word' id='word_1_107' title='bbox 1748 1416 1994 1492; x_wconf 77' lang='lat' dir='ltr'><strong>superbe</strong></span> <span class='ocrx_word' id='word_1_108' title='bbox 2022 1428 2082 1475; x_wconf 93' lang='lat' dir='ltr'><strong>et</strong></span> <span class='ocrx_word' id='word_1_109' title='bbox 2107 1419 2416 1477; x_wconf 89' lang='lat' dir='ltr'><strong>crudeliter</strong></span> 
     </span>
     <span class='ocr_line' id='line_1_14' title="bbox 355 1507 2413 1585; baseline 0.002 -20"><span class='ocrx_word' id='word_1_110' title='bbox 355 1509 658 1584; x_wconf 89' lang='lat' dir='ltr'><strong>imperare,</strong></span> <span class='ocrx_word' id='word_1_111' title='bbox 699 1508 929 1564; x_wconf 90' lang='lat' dir='ltr'><strong>obsides</strong></span> <span class='ocrx_word' id='word_1_112' title='bbox 968 1508 1310 1565; x_wconf 85' lang='lat' dir='ltr'><strong>nobilissimi</strong></span> <span class='ocrx_word' id='word_1_113' title='bbox 1364 1507 1644 1584; x_wconf 87' lang='lat' dir='ltr'><strong>cujusque</strong></span> <span class='ocrx_word' id='word_1_114' title='bbox 1690 1508 1901 1566; x_wconf 89' lang='lat' dir='ltr'><strong>liberos</strong></span> <span class='ocrx_word' id='word_1_115' title='bbox 1940 1528 2199 1585; x_wconf 88' lang='lat' dir='ltr'><strong>poscere,</strong></span> <span class='ocrx_word' id='word_1_116' title='bbox 2254 1522 2312 1568; x_wconf 89' lang='lat' dir='ltr'><strong>et</strong></span> <span class='ocrx_word' id='word_1_117' title='bbox 2355 1530 2413 1569; x_wconf 80' lang='lat' dir='ltr'><strong>m</strong></span> 
     </span>
     <span class='ocr_line' id='line_1_15' title="bbox 352 1599 2413 1676; baseline 0.001 -17"><span class='ocrx_word' id='word_1_118' title='bbox 352 1618 454 1659; x_wconf 84' lang='lat' dir='ltr'><strong>eos</strong></span> <span class='ocrx_word' id='word_1_119' title='bbox 478 1600 675 1657; x_wconf 87' lang='lat' dir='ltr'><strong>omnia</strong></span> <span class='ocrx_word' id='word_1_120' title='bbox 702 1599 962 1674; x_wconf 85' lang='lat' dir='ltr'><strong>exempla</strong></span> <span class='ocrx_word' id='word_1_121' title='bbox 988 1599 1394 1674; x_wconf 81' lang='lat' dir='ltr'><strong>cruciatusque</strong></span> <span class='ocrx_word' id='word_1_122' title='bbox 1415 1600 1605 1671; x_wconf 89' lang='lat' dir='ltr'><strong>edere,</strong></span> <span class='ocrx_word' id='word_1_123' title='bbox 1629 1600 1677 1658; x_wconf 89' lang='lat' dir='ltr'><strong>si</strong></span> <span class='ocrx_word' id='word_1_124' title='bbox 1706 1619 1821 1676; x_wconf 89' lang='lat' dir='ltr'><strong>qua</strong></span> <span class='ocrx_word' id='word_1_125' title='bbox 1844 1621 1936 1659; x_wconf 90' lang='lat' dir='ltr'><strong>res</strong></span> <span class='ocrx_word' id='word_1_126' title='bbox 1963 1620 2080 1659; x_wconf 88' lang='lat' dir='ltr'><strong>non</strong></span> <span class='ocrx_word' id='word_1_127' title='bbox 2110 1603 2180 1659; x_wconf 91' lang='lat' dir='ltr'><strong>ad</strong></span> <span class='ocrx_word' id='word_1_128' title='bbox 2210 1616 2413 1662; x_wconf 87' lang='lat' dir='ltr'><strong>nutum</strong></span> 
     </span>
     <span class='ocr_line' id='line_1_16' title="bbox 353 1691 2414 1768; baseline 0.002 -19"><span class='ocrx_word' id='word_1_129' title='bbox 353 1703 454 1751; x_wconf 84' lang='lat' dir='ltr'><strong>aut</strong></span> <span class='ocrx_word' id='word_1_130' title='bbox 482 1693 552 1749; x_wconf 93' lang='lat' dir='ltr'><strong>ad</strong></span> <span class='ocrx_word' id='word_1_131' title='bbox 580 1692 931 1749; x_wconf 85' lang='lat' dir='ltr'><strong>voluntatem</strong></span> <span class='ocrx_word' id='word_1_132' title='bbox 958 1691 1080 1768; x_wconf 90' lang='lat' dir='ltr'><strong>ejus</strong></span> <span class='ocrx_word' id='word_1_133' title='bbox 1110 1691 1263 1749; x_wconf 86' lang='lat' dir='ltr'><strong>facta</strong></span> <span class='ocrx_word' id='word_1_134' title='bbox 1300 1692 1412 1749; x_wconf 90' lang='lat' dir='ltr'><strong>sit:</strong></span> <span class='ocrx_word' id='word_1_135' title='bbox 1455 1692 1745 1750; x_wconf 91' lang='lat' dir='ltr'><strong>hominem</strong></span> <span class='ocrx_word' id='word_1_136' title='bbox 1786 1712 1912 1751; x_wconf 90' lang='lat' dir='ltr'><strong>esse</strong></span> <span class='ocrx_word' id='word_1_137' title='bbox 1952 1695 2278 1767; x_wconf 80' lang='lat' dir='ltr'><strong>barbarum,</strong></span> <span class='ocrx_word' id='word_1_138' title='bbox 2307 1696 2414 1755; x_wconf 49' lang='lat' dir='ltr'><strong>irap</strong></span> 
     </span>
     <span class='ocr_line' id='line_1_17' title="bbox 353 1784 2409 1861; baseline 0.003 -20"><span class='ocrx_word' id='word_1_139' title='bbox 353 1785 629 1856; x_wconf 89' lang='lat' dir='ltr'><strong>cundum,</strong></span> <span class='ocrx_word' id='word_1_140' title='bbox 657 1784 1028 1841; x_wconf 85' lang='lat' dir='ltr'><strong>temerarium</strong></span> <span class='ocrx_word' id='word_1_141' title='bbox 1051 1805 1065 1841; x_wconf 77' lang='lat' dir='ltr'>z</span> <span class='ocrx_word' id='word_1_142' title='bbox 1109 1803 1226 1840; x_wconf 87' lang='lat' dir='ltr'><strong>non</strong></span> <span class='ocrx_word' id='word_1_143' title='bbox 1254 1803 1422 1860; x_wconf 92' lang='lat' dir='ltr'><strong>posse</strong></span> <span class='ocrx_word' id='word_1_144' title='bbox 1451 1786 1572 1861; x_wconf 88' lang='lat' dir='ltr'><strong>ejus</strong></span> <span class='ocrx_word' id='word_1_145' title='bbox 1600 1786 1841 1861; x_wconf 86' lang='lat' dir='ltr'><strong>imperia</strong></span> <span class='ocrx_word' id='word_1_146' title='bbox 1867 1786 2084 1844; x_wconf 90' lang='lat' dir='ltr'><strong>diutius</strong></span> <span class='ocrx_word' id='word_1_147' title='bbox 2124 1788 2409 1848; x_wconf 80' lang='lat' dir='ltr'><strong>sustineri.</strong></span> 
     </span>
     <span class='ocr_line' id='line_1_18' title="bbox 353 1875 2413 1951; baseline 0.002 -16"><span class='ocrx_word' id='word_1_148' title='bbox 353 1876 486 1935; x_wconf 89' lang='lat' dir='ltr'><strong>Nisi</strong></span> <span class='ocrx_word' id='word_1_149' title='bbox 513 1876 561 1934; x_wconf 89' lang='lat' dir='ltr'><strong>si</strong></span> <span class='ocrx_word' id='word_1_150' title='bbox 590 1877 728 1951; x_wconf 91' lang='lat' dir='ltr'><strong>quid</strong></span> <span class='ocrx_word' id='word_1_151' title='bbox 757 1877 819 1933; x_wconf 88' lang='lat' dir='ltr'><strong>in</strong></span> <span class='ocrx_word' id='word_1_152' title='bbox 848 1875 1079 1933; x_wconf 86' lang='lat' dir='ltr'><strong>Caesare</strong></span> <span class='ocrx_word' id='word_1_153' title='bbox 1104 1877 1433 1951; x_wconf 92' lang='lat' dir='ltr'><strong>populoque</strong></span> <span class='ocrx_word' id='word_1_154' title='bbox 1474 1877 1745 1935; x_wconf 86' lang='lat' dir='ltr'><strong>Romano</strong></span> <span class='ocrx_word' id='word_1_155' title='bbox 1785 1879 1859 1936; x_wconf 90' lang='lat' dir='ltr'><strong>sit</strong></span> <span class='ocrx_word' id='word_1_156' title='bbox 1900 1879 2116 1951; x_wconf 85' lang='lat' dir='ltr'><strong>auxilii,</strong></span> <span class='ocrx_word' id='word_1_157' title='bbox 2145 1881 2413 1939; x_wconf 87' lang='lat' dir='ltr'><strong>omnibus</strong></span> 
     </span>
     <span class='ocr_line' id='line_1_19' title="bbox 350 1954 2414 2043; baseline 0.002 -17"><span class='ocrx_word' id='word_1_158' title='bbox 350 1969 534 2026; x_wconf 80' lang='lat' dir='ltr'><strong>Gallis</strong></span> <span class='ocrx_word' id='word_1_159' title='bbox 577 1969 733 2026; x_wconf 89' lang='lat' dir='ltr'><strong>idem</strong></span> <span class='ocrx_word' id='word_1_160' title='bbox 776 1987 902 2025; x_wconf 86' lang='lat' dir='ltr'><strong>esse</strong></span> <span class='ocrx_word' id='word_1_161' title='bbox 946 1968 1295 2040; x_wconf 80' lang='lat' dir='ltr'><strong>faciendum,</strong></span> <span class='ocrx_word' id='word_1_162' title='bbox 1338 1968 1493 2043; x_wconf 91' lang='lat' dir='ltr'><strong>quod</strong></span> <span class='ocrx_word' id='word_1_163' title='bbox 1534 1968 1787 2028; x_wconf 87' lang='lat' dir='ltr'><strong>Helvetii</strong></span> <span class='ocrx_word' id='word_1_164' title='bbox 1834 1954 2093 2042; x_wconf 88' lang='lat' dir='ltr'><strong>fecerint,</strong></span> <span class='ocrx_word' id='word_1_165' title='bbox 2136 1983 2199 2030; x_wconf 87' lang='lat' dir='ltr'><strong>ut</strong></span> <span class='ocrx_word' id='word_1_166' title='bbox 2241 1973 2414 2030; x_wconf 88' lang='lat' dir='ltr'><strong>domo</strong></span> 
     </span>
     <span class='ocr_line' id='line_1_20' title="bbox 351 2060 2411 2144; baseline 0.001 -26"><span class='ocrx_word' id='word_1_167' title='bbox 351 2062 636 2137; x_wconf 83' lang='lat' dir='ltr'><strong>emigrent</strong></span> <span class='ocrx_word' id='word_1_168' title='bbox 656 2081 688 2131; x_wconf 84' lang='lat'><strong>;.</strong></span> <span class='ocrx_word' id='word_1_169' title='bbox 715 2060 881 2144; x_wconf 85' lang='lat' dir='ltr'><strong>aliud</strong></span> <span class='ocrx_word' id='word_1_170' title='bbox 917 2061 1294 2132; x_wconf 89' lang='lat' dir='ltr'><strong>domicilium,</strong></span> <span class='ocrx_word' id='word_1_171' title='bbox 1331 2061 1470 2118; x_wconf 79' lang='lat' dir='ltr'><strong>alias</strong></span> <span class='ocrx_word' id='word_1_172' title='bbox 1509 2062 1692 2132; x_wconf 79' lang='lat' dir='ltr'><strong>sedeS,</strong></span> <span class='ocrx_word' id='word_1_173' title='bbox 1723 2073 1971 2120; x_wconf 88' lang='lat' dir='ltr'><strong>remotas</strong></span> <span class='ocrx_word' id='word_1_174' title='bbox 2014 2083 2047 2119; x_wconf 85' lang='lat' dir='ltr'><strong>a</strong></span> <span class='ocrx_word' id='word_1_175' title='bbox 2085 2064 2411 2136; x_wconf 87' lang='lat' dir='ltr'><strong>Germanis,</strong></span> 
     </span>
     <span class='ocr_line' id='line_1_21' title="bbox 354 2152 2410 2232; baseline 0.002 -21"><span class='ocrx_word' id='word_1_176' title='bbox 354 2163 578 2229; x_wconf 85' lang='lat' dir='ltr'><strong>petant3</strong></span> <span class='ocrx_word' id='word_1_177' title='bbox 624 2152 1043 2228; x_wconf 85' lang='lat' dir='ltr'><strong>fortunamque,</strong></span> <span class='ocrx_word' id='word_1_178' title='bbox 1092 2172 1470 2229; x_wconf 81' lang='lat' dir='ltr'><strong>quaecumque</strong></span> <span class='ocrx_word' id='word_1_179' title='bbox 1516 2155 1759 2226; x_wconf 87' lang='lat' dir='ltr'><strong>accidat,</strong></span> <span class='ocrx_word' id='word_1_180' title='bbox 1798 2157 2177 2232; x_wconf 86' lang='lat' dir='ltr'><strong>experiantur.</strong></span> <span class='ocrx_word' id='word_1_181' title='bbox 2266 2157 2410 2215; x_wconf 82' lang='lat' dir='ltr'><strong>Haec</strong></span> 
     </span>
     <span class='ocr_line' id='line_1_22' title="bbox 351 2246 2414 2320; baseline 0.001 -18"><span class='ocrx_word' id='word_1_182' title='bbox 351 2246 402 2302; x_wconf 90' lang='lat' dir='ltr'><strong>si</strong></span> <span class='ocrx_word' id='word_1_183' title='bbox 428 2247 743 2304; x_wconf 78' lang='lat' dir='ltr'><strong>enunciata</strong></span> <span class='ocrx_word' id='word_1_184' title='bbox 769 2246 1062 2303; x_wconf 80' lang='lat' dir='ltr'><strong>Ariovisto</strong></span> <span class='ocrx_word' id='word_1_185' title='bbox 1083 2246 1221 2317; x_wconf 89' lang='lat' dir='ltr'><strong>sint,</strong></span> <span class='ocrx_word' id='word_1_186' title='bbox 1252 2265 1369 2303; x_wconf 91' lang='lat' dir='ltr'><strong>non</strong></span> <span class='ocrx_word' id='word_1_187' title='bbox 1399 2247 1684 2317; x_wconf 85' lang='lat' dir='ltr'><strong>dubitare,</strong></span> <span class='ocrx_word' id='word_1_188' title='bbox 1714 2247 1852 2320; x_wconf 90' lang='lat' dir='ltr'><strong>quin</strong></span> <span class='ocrx_word' id='word_1_189' title='bbox 1895 2248 1967 2305; x_wconf 92' lang='lat' dir='ltr'><strong>de</strong></span> <span class='ocrx_word' id='word_1_190' title='bbox 2008 2249 2276 2305; x_wconf 86' lang='lat' dir='ltr'><strong>omnibus</strong></span> <span class='ocrx_word' id='word_1_191' title='bbox 2316 2250 2414 2306; x_wconf 93' lang='lat' dir='ltr'><strong>ob-</strong></span> 
     </span>
     <span class='ocr_line' id='line_1_23' title="bbox 354 2337 2410 2414; baseline 0.002 -20"><span class='ocrx_word' id='word_1_192' title='bbox 354 2338 594 2409; x_wconf 77' lang='lat' dir='ltr'><strong>sidibuS,</strong></span> <span class='ocrx_word' id='word_1_193' title='bbox 644 2337 743 2412; x_wconf 92' lang='lat' dir='ltr'><strong>qui</strong></span> <span class='ocrx_word' id='word_1_194' title='bbox 789 2338 937 2413; x_wconf 87' lang='lat' dir='ltr'><strong>apud</strong></span> <span class='ocrx_word' id='word_1_195' title='bbox 984 2356 1117 2394; x_wconf 90' lang='lat' dir='ltr'><strong>eum</strong></span> <span class='ocrx_word' id='word_1_196' title='bbox 1168 2338 1301 2409; x_wconf 89' lang='lat' dir='ltr'><strong>sint,</strong></span> <span class='ocrx_word' id='word_1_197' title='bbox 1351 2339 1750 2414; x_wconf 87' lang='lat' dir='ltr'><strong>gravissimum</strong></span> <span class='ocrx_word' id='word_1_198' title='bbox 1807 2340 2153 2414; x_wconf 88' lang='lat' dir='ltr'><strong>supplicium</strong></span> <span class='ocrx_word' id='word_1_199' title='bbox 2208 2351 2410 2399; x_wconf 87' lang='lat' dir='ltr'><strong>sumat.</strong></span> 
     </span>
     <span class='ocr_line' id='line_1_24' title="bbox 356 2429 2416 2504; baseline 0.001 -18"><span class='ocrx_word' id='word_1_200' title='bbox 356 2429 645 2487; x_wconf 88' lang='lat' dir='ltr'><strong>Caesarem</strong></span> <span class='ocrx_word' id='word_1_201' title='bbox 672 2430 759 2487; x_wconf 84' lang='lat' dir='ltr'><strong>vel</strong></span> <span class='ocrx_word' id='word_1_202' title='bbox 804 2430 1142 2487; x_wconf 83' lang='lat' dir='ltr'><strong>auctoritate</strong></span> <span class='ocrx_word' id='word_1_203' title='bbox 1185 2431 1289 2486; x_wconf 73' lang='lat' dir='ltr'><strong>sua</strong></span> <span class='ocrx_word' id='word_1_204' title='bbox 1340 2441 1511 2504; x_wconf 88' lang='lat' dir='ltr'><strong>atque</strong></span> <span class='ocrx_word' id='word_1_205' title='bbox 1559 2430 1868 2500; x_wconf 70' lang='lat' dir='ltr'><strong>exercitus,</strong></span> <span class='ocrx_word' id='word_1_206' title='bbox 1898 2430 1986 2487; x_wconf 85' lang='lat' dir='ltr'><strong>vel</strong></span> <span class='ocrx_word' id='word_1_207' title='bbox 2034 2432 2253 2488; x_wconf 91' lang='lat' dir='ltr'><strong>recenti</strong></span> <span class='ocrx_word' id='word_1_208' title='bbox 2299 2432 2416 2489; x_wconf 86' lang='lat' dir='ltr'><strong>vic-</strong></span> 
     </span>
     <span class='ocr_line' id='line_1_25' title="bbox 355 2522 2390 2598; baseline 0.001 -19"><span class='ocrx_word' id='word_1_209' title='bbox 355 2522 521 2591; x_wconf 82' lang='lat' dir='ltr'><strong>toria,</strong></span> <span class='ocrx_word' id='word_1_210' title='bbox 552 2522 639 2579; x_wconf 87' lang='lat' dir='ltr'><strong>vel</strong></span> <span class='ocrx_word' id='word_1_211' title='bbox 667 2522 900 2579; x_wconf 89' lang='lat' dir='ltr'><strong>nomine</strong></span> <span class='ocrx_word' id='word_1_212' title='bbox 927 2522 1124 2597; x_wconf 88' lang='lat' dir='ltr'><strong>populi</strong></span> <span class='ocrx_word' id='word_1_213' title='bbox 1154 2522 1409 2579; x_wconf 86' lang='lat' dir='ltr'><strong>Romani</strong></span> <span class='ocrx_word' id='word_1_214' title='bbox 1437 2522 1728 2579; x_wconf 89' lang='lat' dir='ltr'><strong>deterrere</strong></span> <span class='ocrx_word' id='word_1_215' title='bbox 1753 2539 1941 2596; x_wconf 91' lang='lat' dir='ltr'><strong>posse,</strong></span> <span class='ocrx_word' id='word_1_216' title='bbox 1965 2541 2039 2579; x_wconf 91' lang='lat' dir='ltr'><strong>ne</strong></span> <span class='ocrx_word' id='word_1_217' title='bbox 2067 2523 2245 2598; x_wconf 88' lang='lat' dir='ltr'><strong>major</strong></span> <span class='ocrx_word' id='word_1_218' title='bbox 2273 2525 2390 2581; x_wconf 87' lang='lat' dir='ltr'><strong>mul</strong></span> 
     </span>
    </p>
   </div>
   <div class='ocr_carea' id='block_1_3' title="bbox 270 2613 2412 2689">
    <p class='ocr_par' dir='ltr' id='par_1_3' title="bbox 270 2613 2412 2689">
     <span class='ocr_line' id='line_1_26' title="bbox 270 2613 2412 2689; baseline -0.001 -13"><span class='ocrx_word' id='word_1_219' title='bbox 270 2625 336 2676; x_wconf 53' lang='grc' dir='ltr'><strong>λ</strong></span> <span class='ocrx_word' id='word_1_220' title='bbox 354 2615 541 2671; x_wconf 88' lang='lat' dir='ltr'><strong>titudo</strong></span> <span class='ocrx_word' id='word_1_221' title='bbox 565 2614 982 2672; x_wconf 84' lang='lat' dir='ltr'><strong>Germanorum</strong></span> <span class='ocrx_word' id='word_1_222' title='bbox 1013 2613 1290 2670; x_wconf 80' lang='lat' dir='ltr'><strong>Rhenum</strong></span> <span class='ocrx_word' id='word_1_223' title='bbox 1326 2615 1754 2684; x_wconf 88' lang='lat' dir='ltr'><strong>transducatur,</strong></span> <span class='ocrx_word' id='word_1_224' title='bbox 1794 2614 2157 2689; x_wconf 82' lang='lat' dir='ltr'><strong>Galliamque</strong></span> <span class='ocrx_word' id='word_1_225' title='bbox 2184 2636 2412 2675; x_wconf 88' lang='lat' dir='ltr'><strong>omnem</strong></span> 
     </span>
    </p>
   </div>
   <div class='ocr_carea' id='block_1_4' title="bbox 351 2705 2416 3973">
    <p class='ocr_par' dir='ltr' id='par_1_4' title="bbox 356 2705 1535 2782">
     <span class='ocr_line' id='line_1_27' title="bbox 356 2705 1535 2782; baseline 0.001 -20"><span class='ocrx_word' id='word_1_226' title='bbox 356 2707 425 2763; x_wconf 93' lang='lat' dir='ltr'><strong>ab</strong></span> <span class='ocrx_word' id='word_1_227' title='bbox 455 2706 773 2763; x_wconf 84' lang='lat' dir='ltr'><strong>Ariovisti</strong></span> <span class='ocrx_word' id='word_1_228' title='bbox 760 2705 967 2782; x_wconf 82' lang='lat' dir='ltr'><strong>injuria</strong></span> <span class='ocrx_word' id='word_1_229' title='bbox 994 2725 1163 2781; x_wconf 86' lang='lat' dir='ltr'><strong>posse</strong></span> <span class='ocrx_word' id='word_1_230' title='bbox 1190 2706 1535 2763; x_wconf 66' lang='lat' dir='ltr'><strong>defendere!</strong></span> 
     </span>
    </p>

    <p class='ocr_par' dir='ltr' id='par_1_5' title="bbox 351 2796 2416 3973">
     <span class='ocr_line' id='line_1_28' title="bbox 432 2796 2414 2875; baseline 0.002 -21"><span class='ocrx_word' id='word_1_231' title='bbox 432 2796 698 2855; x_wconf 90' lang='lat' dir='ltr'><strong>XXXII.</strong></span> <span class='ocrx_word' id='word_1_232' title='bbox 755 2797 887 2855; x_wconf 82' lang='lat' dir='ltr'><strong>Hac</strong></span> <span class='ocrx_word' id='word_1_233' title='bbox 915 2798 1175 2855; x_wconf 88' lang='lat' dir='ltr'><strong>oratione</strong></span> <span class='ocrx_word' id='word_1_234' title='bbox 1213 2799 1283 2854; x_wconf 91' lang='lat' dir='ltr'><strong>ab</strong></span> <span class='ocrx_word' id='word_1_235' title='bbox 1324 2798 1618 2855; x_wconf 88' lang='lat' dir='ltr'><strong>Divitiaco</strong></span> <span class='ocrx_word' id='word_1_236' title='bbox 1658 2798 1874 2866; x_wconf 89' lang='lat' dir='ltr'><strong>habita,</strong></span> <span class='ocrx_word' id='word_1_237' title='bbox 1905 2818 2125 2871; x_wconf 92' lang='lat' dir='ltr'><strong>omnes,</strong></span> <span class='ocrx_word' id='word_1_238' title='bbox 2156 2801 2253 2875; x_wconf 89' lang='lat' dir='ltr'><strong>qui</strong></span> <span class='ocrx_word' id='word_1_239' title='bbox 2285 2801 2414 2859; x_wconf 89' lang='lat' dir='ltr'><strong>ade-</strong></span> 
     </span>
     <span class='ocr_line' id='line_1_29' title="bbox 354 2888 2413 2967; baseline 0.002 -22"><span class='ocrx_word' id='word_1_240' title='bbox 354 2900 502 2960; x_wconf 86' lang='lat' dir='ltr'><strong>rant,</strong></span> <span class='ocrx_word' id='word_1_241' title='bbox 532 2907 741 2965; x_wconf 84' lang='lat' dir='ltr'><strong>magno</strong></span> <span class='ocrx_word' id='word_1_242' title='bbox 766 2889 904 2946; x_wconf 88' lang='lat' dir='ltr'><strong>fletu</strong></span> <span class='ocrx_word' id='word_1_243' title='bbox 951 2888 1225 2946; x_wconf 86' lang='lat' dir='ltr'><strong>auxilium</strong></span> <span class='ocrx_word' id='word_1_244' title='bbox 1276 2908 1309 2946; x_wconf 91' lang='lat' dir='ltr'><strong>a</strong></span> <span class='ocrx_word' id='word_1_245' title='bbox 1359 2889 1591 2947; x_wconf 83' lang='lat' dir='ltr'><strong>Caesare</strong></span> <span class='ocrx_word' id='word_1_246' title='bbox 1628 2902 1824 2965; x_wconf 91' lang='lat' dir='ltr'><strong>petere</strong></span> <span class='ocrx_word' id='word_1_247' title='bbox 1873 2904 2187 2967; x_wconf 88' lang='lat' dir='ltr'><strong>coeperunt.</strong></span> <span class='ocrx_word' id='word_1_248' title='bbox 2270 2893 2413 2950; x_wconf 91' lang='lat' dir='ltr'><strong>Ani·</strong></span> 
     </span>
     <span class='ocr_line' id='line_1_30' title="bbox 353 2981 2412 3061; baseline 0.001 -23"><span class='ocrx_word' id='word_1_249' title='bbox 353 2981 656 3039; x_wconf 86' lang='lat' dir='ltr'><strong>madvertit</strong></span> <span class='ocrx_word' id='word_1_250' title='bbox 682 2981 877 3061; x_wconf 79' lang='lat' dir='ltr'><strong>Caesar</strong></span> <span class='ocrx_word' id='word_1_251' title='bbox 907 3000 1053 3037; x_wconf 90' lang='lat' dir='ltr'><strong>unos</strong></span> <span class='ocrx_word' id='word_1_252' title='bbox 1080 2999 1151 3038; x_wconf 87' lang='lat' dir='ltr'><strong>ex</strong></span> <span class='ocrx_word' id='word_1_253' title='bbox 1178 2981 1445 3038; x_wconf 88' lang='lat' dir='ltr'><strong>omnibus</strong></span> <span class='ocrx_word' id='word_1_254' title='bbox 1475 2982 1774 3057; x_wconf 87' lang='lat' dir='ltr'><strong>Sequanos</strong></span> <span class='ocrx_word' id='word_1_255' title='bbox 1801 2983 1945 3039; x_wconf 89' lang='lat' dir='ltr'><strong>nihil</strong></span> <span class='ocrx_word' id='word_1_256' title='bbox 1983 3002 2180 3041; x_wconf 88' lang='lat' dir='ltr'><strong>earum</strong></span> <span class='ocrx_word' id='word_1_257' title='bbox 2222 3003 2412 3042; x_wconf 91' lang='lat' dir='ltr'><strong>rerum</strong></span> 
     </span>
     <span class='ocr_line' id='line_1_31' title="bbox 353 3072 2414 3151; baseline 0.001 -20"><span class='ocrx_word' id='word_1_258' title='bbox 353 3075 564 3144; x_wconf 88' lang='lat' dir='ltr'><strong>facere,</strong></span> <span class='ocrx_word' id='word_1_259' title='bbox 595 3093 736 3148; x_wconf 85' lang='lat' dir='ltr'><strong>quas</strong></span> <span class='ocrx_word' id='word_1_260' title='bbox 766 3073 945 3130; x_wconf 89' lang='lat' dir='ltr'><strong>ceteri</strong></span> <span class='ocrx_word' id='word_1_261' title='bbox 976 3073 1268 3143; x_wconf 81' lang='lat' dir='ltr'><strong>facerent3</strong></span> <span class='ocrx_word' id='word_1_262' title='bbox 1313 3072 1416 3130; x_wconf 89' lang='lat' dir='ltr'><strong>sed</strong></span> <span class='ocrx_word' id='word_1_263' title='bbox 1443 3074 1661 3145; x_wconf 88' lang='lat' dir='ltr'><strong>tristes‚.</strong></span> <span class='ocrx_word' id='word_1_264' title='bbox 1683 3075 1872 3151; x_wconf 88' lang='lat' dir='ltr'><strong>capite</strong></span> <span class='ocrx_word' id='word_1_265' title='bbox 1905 3076 2173 3146; x_wconf 87' lang='lat' dir='ltr'><strong>demisso,</strong></span> <span class='ocrx_word' id='word_1_266' title='bbox 2201 3086 2414 3134; x_wconf 85' lang='lat' dir='ltr'><strong>terram</strong></span> 
     </span>
     <span class='ocr_line' id='line_1_32' title="bbox 354 3165 2411 3242; baseline 0.001 -20"><span class='ocrx_word' id='word_1_267' title='bbox 354 3166 582 3223; x_wconf 89' lang='lat' dir='ltr'><strong>intueri.</strong></span> <span class='ocrx_word' id='word_1_268' title='bbox 668 3166 810 3241; x_wconf 86' lang='lat' dir='ltr'><strong>Ejus</strong></span> <span class='ocrx_word' id='word_1_269' title='bbox 857 3165 941 3222; x_wconf 93' lang='lat' dir='ltr'><strong>rei</strong></span> <span class='ocrx_word' id='word_1_270' title='bbox 985 3184 1111 3239; x_wconf 84' lang='lat' dir='ltr'><strong>quae</strong></span> <span class='ocrx_word' id='word_1_271' title='bbox 1157 3183 1334 3221; x_wconf 85' lang='lat' dir='ltr'><strong>causa</strong></span> <span class='ocrx_word' id='word_1_272' title='bbox 1373 3176 1542 3236; x_wconf 91' lang='lat' dir='ltr'><strong>esset,</strong></span> <span class='ocrx_word' id='word_1_273' title='bbox 1585 3167 1843 3239; x_wconf 80' lang='lat' dir='ltr'><strong>miratuS,</strong></span> <span class='ocrx_word' id='word_1_274' title='bbox 1872 3185 1945 3224; x_wconf 86' lang='lat' dir='ltr'><strong>ex</strong></span> <span class='ocrx_word' id='word_1_275' title='bbox 1986 3168 2124 3242; x_wconf 90' lang='lat' dir='ltr'><strong>ipsis</strong></span> <span class='ocrx_word' id='word_1_276' title='bbox 2171 3168 2411 3242; x_wconf 84' lang='lat' dir='ltr'><strong>quaesiit.</strong></span> 
     </span>
     <span class='ocr_line' id='line_1_33' title="bbox 352 3257 2416 3335; baseline 0.002 -22"><span class='ocrx_word' id='word_1_277' title='bbox 352 3257 517 3315; x_wconf 91' lang='lat' dir='ltr'><strong>Nihil</strong></span> <span class='ocrx_word' id='word_1_278' title='bbox 548 3258 806 3332; x_wconf 88' lang='lat' dir='ltr'><strong>Sequani</strong></span> <span class='ocrx_word' id='word_1_279' title='bbox 832 3257 1196 3331; x_wconf 87' lang='lat' dir='ltr'><strong>respondere,</strong></span> <span class='ocrx_word' id='word_1_280' title='bbox 1227 3257 1328 3314; x_wconf 90' lang='lat' dir='ltr'><strong>sed</strong></span> <span class='ocrx_word' id='word_1_281' title='bbox 1371 3258 1431 3314; x_wconf 92' lang='lat' dir='ltr'><strong>in</strong></span> <span class='ocrx_word' id='word_1_282' title='bbox 1469 3258 1673 3315; x_wconf 71' lang='lat' dir='ltr'><strong>eadem</strong></span> <span class='ocrx_word' id='word_1_283' title='bbox 1714 3258 1947 3316; x_wconf 68' lang='lat' dir='ltr'><strong>tristitia</strong></span> <span class='ocrx_word' id='word_1_284' title='bbox 1988 3259 2150 3316; x_wconf 89' lang='lat' dir='ltr'><strong>taciti</strong></span> <span class='ocrx_word' id='word_1_285' title='bbox 2195 3278 2416 3335; x_wconf 91' lang='lat' dir='ltr'><strong>perma-</strong></span> 
     </span>
     <span class='ocr_line' id='line_1_34' title="bbox 352 3348 2415 3426; baseline 0.001 -19"><span class='ocrx_word' id='word_1_286' title='bbox 352 3368 507 3407; x_wconf 90' lang='lat' dir='ltr'><strong>nere.</strong></span> <span class='ocrx_word' id='word_1_287' title='bbox 589 3350 796 3412; x_wconf 78' lang='lat' dir='ltr'><strong>Quum</strong></span> <span class='ocrx_word' id='word_1_288' title='bbox 845 3350 915 3406; x_wconf 92' lang='lat' dir='ltr'><strong>ab</strong></span> <span class='ocrx_word' id='word_1_289' title='bbox 964 3348 1034 3405; x_wconf 88' lang='lat' dir='ltr'><strong>iis</strong></span> <span class='ocrx_word' id='word_1_290' title='bbox 1088 3349 1295 3424; x_wconf 70' lang='lat' dir='ltr'><strong>saepius</strong></span> <span class='ocrx_word' id='word_1_291' title='bbox 1350 3361 1649 3423; x_wconf 75' lang='lat' dir='ltr'><strong>quaereret,</strong></span> <span class='ocrx_word' id='word_1_292' title='bbox 1704 3369 1893 3426; x_wconf 91' lang='lat' dir='ltr'><strong>neque</strong></span> <span class='ocrx_word' id='word_1_293' title='bbox 1948 3351 2123 3408; x_wconf 86' lang='lat' dir='ltr'><strong>ullam</strong></span> <span class='ocrx_word' id='word_1_294' title='bbox 2178 3353 2415 3409; x_wconf 88' lang='lat' dir='ltr'><strong>omnino</strong></span> 
     </span>
     <span class='ocr_line' id='line_1_35' title="bbox 351 3438 2413 3518; baseline 0.002 -19"><span class='ocrx_word' id='word_1_295' title='bbox 351 3461 555 3500; x_wconf 83' lang='lat' dir='ltr'><strong>vocem</strong></span> <span class='ocrx_word' id='word_1_296' title='bbox 607 3438 940 3518; x_wconf 78' lang='lat' dir='ltr'><strong>exprimere</strong></span> <span class='ocrx_word' id='word_1_297' title='bbox 976 3451 1187 3516; x_wconf 88' lang='lat' dir='ltr'><strong>posset,</strong></span> <span class='ocrx_word' id='word_1_298' title='bbox 1232 3441 1387 3498; x_wconf 89' lang='lat' dir='ltr'><strong>idern</strong></span> <span class='ocrx_word' id='word_1_299' title='bbox 1431 3441 1754 3499; x_wconf 87' lang='lat' dir='ltr'><strong>Divitiacus</strong></span> <span class='ocrx_word' id='word_1_300' title='bbox 1809 3442 2038 3500; x_wconf 88' lang='lat' dir='ltr'><strong>AEduus</strong></span> <span class='ocrx_word' id='word_1_301' title='bbox 2086 3444 2413 3518; x_wconf 83' lang='lat' dir='ltr'><strong>respondit:</strong></span> 
     </span>
     <span class='ocr_line' id='line_1_36' title="bbox 352 3533 2414 3616; baseline -0 -24"><span class='ocrx_word' id='word_1_302' title='bbox 352 3542 368 3569; x_wconf 92' lang='lat'>‘</span> <span class='ocrx_word' id='word_1_303' title='bbox 389 3534 526 3592; x_wconf 89' lang='lat' dir='ltr'><strong>Hoc</strong></span> <span class='ocrx_word' id='word_1_304' title='bbox 554 3552 680 3592; x_wconf 88' lang='lat' dir='ltr'><strong>esse</strong></span> <span class='ocrx_word' id='word_1_305' title='bbox 708 3534 1060 3594; x_wconf 85' lang='lat' dir='ltr'><strong>miseriorem</strong></span> <span class='ocrx_word' id='word_1_306' title='bbox 1089 3533 1522 3609; x_wconf 86' lang='lat' dir='ltr'><strong>gravioremque</strong></span> <span class='ocrx_word' id='word_1_307' title='bbox 1552 3533 1837 3591; x_wconf 84' lang='lat' dir='ltr'><strong>fortunam</strong></span> <span class='ocrx_word' id='word_1_308' title='bbox 1868 3535 2270 3609; x_wconf 87' lang='lat' dir='ltr'><strong>Sequanorum</strong></span> <span class='ocrx_word' id='word_1_309' title='bbox 2296 3554 2414 3616; x_wconf 62' lang='lat' dir='ltr'><strong>pgssfl</strong></span> 
     </span>
     <span class='ocr_line' id='line_1_37' title="bbox 351 3623 2414 3701; baseline -0.001 -16"><span class='ocrx_word' id='word_1_310' title='bbox 351 3627 723 3701; x_wconf 87' lang='lat' dir='ltr'><strong>reliquorum,</strong></span> <span class='ocrx_word' id='word_1_311' title='bbox 754 3623 911 3700; x_wconf 74' lang='lat' dir='ltr'><strong>quod</strong></span> <span class='ocrx_word' id='word_1_312' title='bbox 938 3624 1043 3681; x_wconf 90' lang='lat' dir='ltr'><strong>soli</strong></span> <span class='ocrx_word' id='word_1_313' title='bbox 1073 3643 1147 3681; x_wconf 93' lang='lat' dir='ltr'><strong>ne</strong></span> <span class='ocrx_word' id='word_1_314' title='bbox 1176 3625 1235 3681; x_wconf 92' lang='lat' dir='ltr'><strong>in</strong></span> <span class='ocrx_word' id='word_1_315' title='bbox 1263 3625 1497 3681; x_wconf 90' lang='lat' dir='ltr'><strong>occulto</strong></span> <span class='ocrx_word' id='word_1_316' title='bbox 1524 3625 1755 3699; x_wconf 88' lang='lat' dir='ltr'><strong>quidem</strong></span> <span class='ocrx_word' id='word_1_317' title='bbox 1786 3626 1968 3700; x_wconf 88' lang='lat' dir='ltr'><strong>queri,</strong></span> <span class='ocrx_word' id='word_1_318' title='bbox 1998 3644 2110 3681; x_wconf 90' lang='lat' dir='ltr'><strong>nec</strong></span> <span class='ocrx_word' id='word_1_319' title='bbox 2140 3625 2414 3683; x_wconf 87' lang='lat' dir='ltr'><strong>auxilium</strong></span> 
     </span>
     <span class='ocr_line' id='line_1_38' title="bbox 353 3715 2414 3795; baseline -0.001 -18"><span class='ocrx_word' id='word_1_320' title='bbox 353 3719 657 3795; x_wconf 87' lang='lat' dir='ltr'><strong>implorare</strong></span> <span class='ocrx_word' id='word_1_321' title='bbox 688 3718 982 3786; x_wconf 84' lang='lat' dir='ltr'><strong>auderent,</strong></span> <span class='ocrx_word' id='word_1_322' title='bbox 1015 3716 1377 3790; x_wconf 87' lang='lat' dir='ltr'><strong>absentisque</strong></span> <span class='ocrx_word' id='word_1_323' title='bbox 1418 3716 1695 3774; x_wconf 86' lang='lat' dir='ltr'><strong>Ariovisti</strong></span> <span class='ocrx_word' id='word_1_324' title='bbox 1736 3717 2155 3785; x_wconf 87' lang='lat' dir='ltr'><strong>crudelitatem,</strong></span> <span class='ocrx_word' id='word_1_325' title='bbox 2186 3715 2340 3773; x_wconf 89' lang='lat' dir='ltr'><strong>velut</strong></span> <span class='ocrx_word' id='word_1_326' title='bbox 2366 3716 2414 3775; x_wconf 89' lang='lat' dir='ltr'><strong>si</strong></span> 
     </span>
     <span class='ocr_line' id='line_1_39' title="bbox 353 3806 2414 3883; baseline -0.002 -13"><span class='ocrx_word' id='word_1_327' title='bbox 353 3809 552 3870; x_wconf 64' lang='lat' dir='ltr'><strong>coram</strong></span> <span class='ocrx_word' id='word_1_328' title='bbox 582 3809 825 3880; x_wconf 85' lang='lat' dir='ltr'><strong>adesset,</strong></span> <span class='ocrx_word' id='word_1_329' title='bbox 853 3809 1183 3865; x_wconf 83' lang='lat' dir='ltr'><strong>horrerent:</strong></span> <span class='ocrx_word' id='word_1_330' title='bbox 1226 3818 1525 3883; x_wconf 88' lang='lat' dir='ltr'><strong>propterea</strong></span> <span class='ocrx_word' id='word_1_331' title='bbox 1561 3807 1716 3882; x_wconf 69' lang='lat' dir='ltr'><strong>qudd</strong></span> <span class='ocrx_word' id='word_1_332' title='bbox 1756 3808 1992 3882; x_wconf 88' lang='lat' dir='ltr'><strong>reliquis</strong></span> <span class='ocrx_word' id='word_1_333' title='bbox 2031 3817 2222 3863; x_wconf 89' lang='lat' dir='ltr'><strong>tamen</strong></span> <span class='ocrx_word' id='word_1_334' title='bbox 2266 3806 2414 3883; x_wconf 82' lang='lat' dir='ltr'><strong>sugae</strong></span> 
     </span>
     <span class='ocr_line' id='line_1_40' title="bbox 357 3893 2414 3973; baseline -0.003 -11"><span class='ocrx_word' id='word_1_335' title='bbox 357 3893 596 3964; x_wconf 62' lang='lat' dir='ltr'><strong>facultas</strong></span> <span class='ocrx_word' id='word_1_336' title='bbox 625 3902 887 3970; x_wconf 87' lang='lat' dir='ltr'><strong>daretur;</strong></span> <span class='ocrx_word' id='word_1_337' title='bbox 934 3899 1218 3973; x_wconf 81' lang='lat' dir='ltr'><strong>Sequanis</strong></span> <span class='ocrx_word' id='word_1_338' title='bbox 1237 3898 1401 3970; x_wconf 70' lang='lat' dir='ltr'><strong>vero,</strong></span> <span class='ocrx_word' id='word_1_339' title='bbox 1427 3899 1525 3973; x_wconf 87' lang='lat' dir='ltr'><strong>qui</strong></span> <span class='ocrx_word' id='word_1_340' title='bbox 1554 3900 1704 3957; x_wconf 89' lang='lat' dir='ltr'><strong>intra</strong></span> <span class='ocrx_word' id='word_1_341' title='bbox 1729 3899 1872 3956; x_wconf 81' lang='lat' dir='ltr'><strong>fines</strong></span> <span class='ocrx_word' id='word_1_342' title='bbox 1900 3917 2034 3954; x_wconf 87' lang='lat' dir='ltr'><strong>suos</strong></span> <span class='ocrx_word' id='word_1_343' title='bbox 2061 3896 2414 3956; x_wconf 86' lang='lat' dir='ltr'><strong>Ariovistum</strong></span> 
     </span>
    </p>
   </div>
   <div class='ocr_carea' id='block_1_5' title="bbox 405 4051 492 4118">
    <p class='ocr_par' dir='ltr' id='par_1_6' title="bbox 405 4051 492 4118">
     <span class='ocr_line' id='line_1_41' title="bbox 405 4051 492 4118; baseline 0.023 -2"><span class='ocrx_word' id='word_1_344' title='bbox 405 4051 492 4118; x_wconf 62' lang='lat'><strong>’7³32‘</strong></span> 
     </span>
    </p>
   </div>
  </div>
 </body>
</html>
