2747 4376
198 2291 233 2329 Ἰ

320 293 455 340 Ου’.
488 293 716 355 22-25]
1086 293 1301 342 LIBER
1346 293 1629 344 PRIMUS.
2318 302 2390 359 15

323 435 573 494 hostiurn
602 447 789 494 castra
817 436 950 494 visae
992 447 1202 509 essent,
1233 449 1296 495 ut
1332 438 1588 513 undique
1628 458 1747 496 uno
1785 451 2044 516 ternpore
2085 440 2145 499 in
2195 441 2390 500 hostes

322 527 570 604 impetus
598 528 779 601 fieret,
823 540 1018 586 monte
1066 543 1370 605 occupato,
1400 542 1625 588 nostros
1654 533 2041 607 exspectabat,
2070 534 2388 609 proelioque

323 621 662 679 abstinebat.
748 620 939 679 Multo
966 621 1215 699 denique
1242 622 1336 679 die
1372 641 1473 698 per
1514 624 1899 699 exploratores
1940 623 2134 682 Caesar
2177 644 2390 703 cogno-
2425 618 2430 633 '

321 712 422 784 vit,
471 724 528 770 et
575 724 826 771 montem
880 733 913 770 a
957 714 1078 773 suis
1120 714 1324 785 teneri,
1354 725 1412 772 et
1461 714 1759 773 Helvetios
1808 727 1997 773 castra
2023 716 2287 788 movisse,
2330 728 2389 776 et

322 804 686 876 Considium,
714 805 920 863 timore
946 806 1331 881 perterritum,
1361 806 1516 880 quod
1544 826 1661 864 non
1691 807 1943 879 vidisset,
1973 827 2079 884 pro
2118 810 2241 866 viso
2275 810 2386 867 sibi

321 897 712 966 renunciasse.
800 896 889 954 Eo
916 897 1030 969 die,
1060 917 1175 972 quo
1203 898 1513 956 consuerat
1541 899 1839 956 intervallo
1872 900 2065 958 hostes
2106 902 2383 976 sequitur,

320 1000 379 1046 et
407 989 589 1049 millia
611 1009 885 1066 passuum
912 990 1023 1048 tria
1052 990 1122 1046 ab
1151 1007 1349 1048 eorum
1378 991 1581 1048 castris
1610 1001 1797 1049 castra
1823 992 2000 1068 ponit.

401 1080 635 1139 XXIII.
693 1081 977 1140 Postridie
1006 1081 1128 1158 ejus
1155 1081 1293 1153 diei,
1325 1081 1480 1157 quod
1508 1083 1747 1141 omnino
1788 1084 2028 1141 biduum
2068 1096 2383 1160 supererat.

321 1192 499 1249 quum
529 1173 784 1249 exercitu
814 1174 1162 1231 frumentum
1205 1174 1394 1231 metiri
1422 1185 1727 1251 oporteret,
1758 1186 1815 1233 et
1842 1174 1996 1250 quod
2031 1195 2063 1232 a
2091 1175 2383 1248 Bibracte,

320 1265 534 1342 oppido
565 1265 883 1340 AEduorum
911 1263 1085 1341 longe
1129 1265 1380 1323 maximo
1422 1285 1491 1323 ac
1532 1266 1950 1342 copiosissimo,
1980 1286 2096 1324 non
2140 1267 2386 1343 amplius

319 1358 575 1415 millibus
600 1376 872 1433 passuum
903 1356 1112 1413 XVIII
1145 1357 1359 1427 aberat,
1390 1358 1474 1414 rei
1504 1357 1891 1415 frumentariae
1917 1357 2385 1434 prospiciendum

320 1449 819 1521 existimavit,-iter
852 1449 921 1506 ab
952 1448 1236 1505 Helvetiis
1265 1448 1488 1520 avertit,
1519 1466 1589 1506 ac
1634 1449 1903 1507 Bibracte
1944 1449 2028 1506 ire
2067 1450 2381 1510 contendit.

322 1540 411 1598 Ea
436 1560 529 1598 res
568 1559 669 1617 per
712 1540 980 1618 fugitivos
1017 1539 1083 1597 L.
1115 1539 1361 1610 AEmilii,
1393 1540 1726 1598 decurionis
1764 1541 2023 1615 equitum
2064 1541 2383 1614 Gallorum,

320 1633 582 1690 hostibus
634 1633 958 1690 nunciatur.
1004 1620 1023 1636 ’
1072 1631 1347 1703 Helvetii,
1403 1651 1505 1689 seu
1561 1631 1714 1707 quod
1783 1632 1988 1690 timore
2054 1636 2383 1710 perterritos

319 1725 621 1783 Romanos
662 1724 962 1782 discedere
1007 1743 1041 1782 a
1082 1742 1144 1782 se
1192 1724 1604 1796 existimarent,
1634 1743 1705 1782 eo
1749 1722 1949 1802 magiS,
1981 1724 2133 1800 quod
2178 1726 2381 1802 pridie,

318 1817 710 1893 superioribus
750 1816 896 1874 locis
935 1816 1253 1894 occupatis,
1297 1815 1564 1892 proelium
1605 1836 1722 1875 non
1771 1817 2218 1887 commisissent;
2261 1820 2381 1878 sive

276 1940 289 1963 -.
318 1908 411 1981 eo,
441 1909 596 1984 quod
623 1927 687 1966 re
724 1908 1096 1966 frumentaria
1138 1906 1447 1966 intercludi
1486 1926 1653 1985 posse
1695 1908 2080 1980 confiderent;
2125 1929 2381 1969 commu-

316 2011 439 2059 tato
465 2001 709 2059 consilio
738 2011 908 2076 atque
937 2000 1140 2058 itinere
1169 2019 1467 2072 converso,
1498 2012 1721 2059 nostros
1751 2021 1784 2058 a
1809 2001 2122 2058 novissimo
2151 2004 2380 2080 agmine

319 2093 543 2168 insequi
574 2113 641 2151 ac
667 2093 951 2151 lacessere
978 2102 1292 2167 coeperunt.

396 2185 627 2244 XXIV.
682 2184 992 2260 Postquam
1021 2184 1079 2272 ιρ
1109 2184 1361 2244 animum
1395 2184 1652 2258 advertit,
1683 2184 1878 2261 copias
1906 2205 2039 2243 suas
2080 2184 2276 2245 Caesar
2321 2187 2377 2246 in

315 2278 640 2354 proximum
663 2277 868 2348 collem
890 2276 1180 2349 subducit,
1203 2277 1656 2352 equitatumque,
1680 2277 1777 2352 qui
1801 2277 2108 2360 sustineret
2131 2278 2378 2337 hostium

317 2370 616 2447 impetum,
644 2369 814 2427 misit.
897 2368 1030 2447 Ipse
1070 2368 1300 2426 interim
1344 2369 1404 2426 in
1446 2368 1595 2426 colle
1633 2368 1824 2426 medio
1865 2351 2149 2444 triplicem
2195 2371 2378 2427 aciem

318 2462 588 2520 instruxit
628 2461 922 2539 legionum
970 2472 1212 2536 quatuor
1257 2472 1676 2532 veteranarum,
1726 2460 1825 2531 ita,
1875 2459 1957 2518 uti
2002 2479 2173 2536 supra
2215 2480 2277 2518 se
2319 2461 2379 2519 in

317 2573 544 2611 summo
584 2553 726 2631 jugo
771 2553 914 2610 duas
961 2553 1239 2629 legioneS,
1270 2571 1412 2627 quas
1461 2551 1522 2609 in
1567 2551 1759 2609 Gallia
1808 2551 2076 2609 citeriore
2117 2553 2377 2628 proxime

319 2631 756 2722 conscripserat,
800 2657 857 2704 et
897 2645 1091 2702 omnia
1134 2644 1346 2702 auxilia
1389 2644 1738 2701 collocaret:
1786 2662 1854 2700 ac
1899 2654 2082 2701 totum
2126 2658 2379 2703 montem

317 2729 648 2796 hominibus
675 2737 966 2813 compleri,
997 2748 1055 2796 et
1083 2737 1304 2794 interea
1324 2736 1580 2793 sarcinas
1609 2735 1667 2792 in
1691 2755 1870 2793 unum
1892 2736 2083 2793 locum
2108 2737 2376 2810 conferri,

318 2842 376 2888 et
402 2850 535 2888 eum
566 2832 636 2887 ab
665 2830 772 2901 his,
802 2830 901 2905 qui
925 2823 983 2886 in
1013 2828 1307 2905 superiore
1350 2829 1476 2886 acie
1517 2828 1913 2899 constiterant,
1943 2828 2155 2885 muniri
2191 2816 2400 2905 jus-sin

318 2922 593 2993 Helvetii,
625 2941 757 2979 cum
785 2922 1052 2979 omnibus
1079 2921 1199 2977 suis
1228 2921 1408 2977 carris
1436 2913 1641 2991 secuti,
1671 2920 2082 2995 impedimenta
2110 2920 2169 2977 in
2200 2940 2378 2980 unum

317 3015 512 3071 locum
577 3014 982 3072 contulerunt:
1061 3012 1190 3089 ipsi,
1247 3011 1667 3069 confertissima
1721 3011 1849 3094 *acie
1904 3010 2120 3087 rejecto
2184 3025 2381 3071 nostro

316 3106 594 3183 equitatu,
636 3105 921 3182 phalange
962 3104 1136 3175 sacta,
1180 3105 1287 3161 sub
1329 3103 1575 3180 primam
1621 3112 1875 3160 nostram
1927 3102 2111 3160 aciem
2153 3122 2381 3162 succes-

315 3208 532 3260 serunt.

396 3289 594 3348 XXV.
654 3288 869 3359 Caesar,
922 3287 1173 3363 primum
1215 3308 1341 3358 suo,
1391 3287 1599 3345 deinde
1644 3286 1902 3343 omnium
1950 3304 2020 3343 ex
2064 3298 2379 3361 conspectu

315 3382 548 3439 remotis
577 3380 761 3456 equiS,
790 3391 872 3451 ut,
903 3390 1127 3454 aequato
1152 3380 1411 3437 omnium
1440 3378 1716 3454 periculO,
1747 3396 1906 3452 spem
1947 3376 2094 3453 fugae
2135 3379 2378 3450 tolleret,

315 3474 646 3531 cohortatus
688 3492 841 3543 suOS,
869 3471 1133 3547 proelium
1176 3471 1479 3528 commisit.
1568 3469 1804 3540 Milites,
1834 3489 1867 3526 e
1911 3469 2043 3527 loco
2085 3472 2379 3545 superiore

316 3564 446 3640 pilis
484 3563 693 3634 nissiS,
725 3562 895 3620 facile
947 3563 1195 3643 hostium
1241 3562 1587 3638 phalangem
1635 3562 2048 3637 perfregerunt.
2133 3561 2221 3619 Ea
2270 3562 2381 3618 dis-

310 3656 486 3732 jecta,
515 3656 723 3733 gladiis
752 3655 1040 3712 destrictis
1069 3655 1128 3715 in
1158 3673 1256 3712 eos
1290 3654 1564 3729 impetum
1596 3653 1873 3710 fecerunt.
1957 3653 2142 3710 Gallis
2169 3672 2381 3729 magno

318 3749 387 3804 ad
418 3767 669 3825 pugnam
698 3758 821 3804 erat
850 3747 1278 3822 impedimentO,
1310 3745 1485 3822 quod,
1516 3746 1773 3821 pluribus
1816 3764 2014 3802 eorum
2055 3745 2235 3801 scutis
2265 3763 2381 3800 uno

316 3841 436 3900 ictu
463 3841 712 3916 pilorum
739 3838 1026 3897 transfixis
1053 3850 1109 3897 et
1138 3840 1443 3917 colligatis,
1475 3857 1649 3912 quum
1690 3838 1899 3895 ferrum
1943 3854 2006 3893 se
2047 3834 2402 3905 inflexisset,'

318 3951 503 4006 neque
532 3932 794 4003 evellere,
824 3950 1031 4006 neque,
1050 3931 1283 4008 ¹sinistra
1317 3931 1610 4005 impedita,
1635 3928 1771 3984 satis
1796 3911 2098 3983 commode
2121 3944 2380 4002 pugnare
