2747 4376
341 272 454 334 tu
992 269 1091 318 os
1134 267 1369 318 nanno
1415 267 1737 318 camno
2007 267 2161 315 ren.
2194 266 2396 314 72-74

336 425 489 473 esset
516 410 841 471 necessario
871 410 1119 489 spatium
1147 394 1501 488 complexus,
1528 429 1640 469 nec
1667 398 1837 468 fa'cile
1868 421 2053 469 totum
2092 427 2237 486 opus
2277 407 2412 465 mil·

339 517 483 564 itum
511 505 726 562 corona
756 505 1134 582 cir.geretur‚)
1166 522 1241 561 ne
1282 504 1354 562 de
1397 503 1704 580 improviso
1744 513 1841 559 aut
1883 513 2058 560 noctu
2105 501 2176 559 ad
2216 499 2416 558 muni-

337 598 526 656 tiones
556 597 801 653 hostium
832 597 1141 654 multitudo
1170 595 1478 666 advolaret,
1510 606 1607 652 aut
1635 594 1882 652 interdiu
1911 594 2026 652 tela
2054 596 2113 651 in
2154 607 2411 662 nostres,

336 689 496 766 operi
553 689 886 759 destinatos,
942 688 1235 763 conjicere
1284 698 1532 763 possent.
1628 686 1763 744 Hoc
1818 687 2142 745 intermisso
2191 687 2408 761 spati0‚

337 780 484 838 duas
526 781 723 851 fossas,
754 780 870 837 XV
910 779 1089 855 pedes
1137 780 1300 850 latas,
1329 780 1534 837 eadem
1579 779 1879 837 altitudine
1917 777 2218 855 perduxit:
2261 795 2413 852 qua-

337 891 464 932 rum
496 873 846 942 interiorem,
867 872 1285 949 campestribus
1314 890 1385 929 ac
1412 872 1675 929 demissis
1701 871 1864 942 locis,
1889 872 2035 946 aqua
2064 889 2133 928 ex
2162 869 2412 927 flumine

337 965 592 1024 derivata
622 964 944 1040 complevit.
1028 963 1167 1022 Post
1194 982 1294 1022 eas
1334 981 1605 1041 aggerem
1654 982 1723 1020 ac
1767 963 1979 1021 vallum
2025 961 2147 1020 XII
2186 962 2411 1038 pedum

338 1057 653 1128 exstruxit3
717 1057 857 1114 huic
903 1055 1143 1113 loricam
1196 1056 1520 1132 pinnasque
1563 1053 1794 1131 adjecit,
1848 1054 2162 1132 grandibus
2214 1052 2411 1111 cervis

338 1148 729 1207 eminentibus
783 1147 855 1205 ad
910 1147 1316 1206 commissuras
1367 1146 1693 1223 pluteorum
1762 1156 1933 1222 atque
1999 1145 2242 1223 aggeris,
2297 1143 2410 1219 qui

342 1257 644 1298 ascensum
675 1239 926 1299 hostium
954 1239 1284 1310 tardarent3
1326 1248 1386 1297 et
1411 1249 1599 1297 turres
1625 1247 1748 1296 toto
1785 1255 1958 1314 opere
1996 1236 2409 1308 circumdedit,

340 1350 469 1408 quie
496 1331 675 1408 pedes
701 1331 939 1390 LXXX
968 1330 1116 1389 inter
1143 1348 1206 1388 se
1233 1330 1528 1388 distarent.

420 1422 708 1482 LXXIII.
766 1422 906 1481 Erat
932 1421 1137 1480 eodem
1163 1432 1420 1497 tempore
1448 1432 1505 1480 et
1542 1420 1832 1479 materiari
1872 1430 1930 1478 et
1971 1419 2302 1479 frumentari
2340 1430 2410 1477 et

342 1526 532 1574 tantas
571 1514 921 1572 munitiones
967 1513 1091 1572 fieri
1138 1532 1399 1585 necesse,
1441 1512 1752 1571 deminutis
1793 1512 2002 1570 nostris
2044 1510 2243 1587 copiiS,
2271 1530 2410 1586 quoe

340 1604 574 1684 longius
602 1606 673 1663 ab
700 1605 905 1664 castris
928 1605 1443 1683 progrediebantur
1467 1624 1481 1662 ε
1527 1623 1596 1662 ac
1623 1622 2036 1679 nonnunquam
2075 1621 2246 1679 opera
2272 1621 2411 1660 nos-

342 1708 431 1756 tra
469 1697 622 1755 Galli
666 1708 889 1755 tentare
932 1710 1104 1772 atque
1149 1697 1511 1774 eruptionem
1550 1714 1623 1754 ex
1668 1696 1882 1772 oppido
1919 1695 2179 1772 pluribus
2222 1694 2410 1772 portis

341 1789 565 1856 summa
611 1789 663 1845 vi
714 1789 906 1846 facere
961 1789 1337 1847 conabantur.
1417 1788 1623 1851 Quare
1679 1787 1748 1845 ad
1805 1787 1929 1846 haec
1983 1806 2177 1844 rursus
2228 1805 2411 1861 opera

341 1879 671 1938 addendum
699 1880 896 1938 coesar
936 1881 1176 1958 putavit,
1206 1879 1321 1956 quo
1370 1880 1594 1938 minore
1642 1897 1883 1937 numero
1928 1878 2170 1936 militum
2219 1871 2408 1935 muni-

339 1974 529 2032 tiones
558 1973 789 2031 defendi
819 1985 1069 2049 possent.
1152 1974 1357 2049 Itaque
1385 1973 1608 2032 truncis
1651 1973 1914 2030 arborum
1959 1982 2056 2029 aut
2097 1971 2408 2028 admodum

340 2065 519 2123 firmis
566 2064 741 2123 ramis
785 2065 1045 2136 abscisis,
1077 2077 1247 2140 atque
1294 2065 1500 2136 horum
1548 2064 1843 2122 delibratis
1891 2074 2060 2138 atque
2099 2064 2408 2140 praeacutis

339 2156 764 2228 cacuminibus,
803 2167 1095 2234 perpetuae
1145 2157 1330 2230 fossae,
1372 2157 1584 2232 quinos
1626 2156 1803 2233 pedes
1852 2156 1997 2228 altae,
2027 2155 2403 2215 ducebantur.

341 2246 481 2308 Huc
508 2248 593 2308 illi
620 2249 843 2325 stipites
883 2248 1139 2321 demissi,
1167 2260 1224 2307 et
1274 2250 1345 2307 ab
1392 2249 1590 2307 infimo
1629 2248 1892 2321 revincti,
1922 2268 1996 2307 ne
2042 2247 2237 2306 revelli
2276 2267 2407 2325 pos-

341 2352 489 2412 sent,
519 2342 592 2399 ab
619 2341 794 2398 ramis
820 2341 1167 2399 eminebant.
1248 2340 1440 2402 Quini
1468 2351 1633 2399 erant
1660 2341 1910 2412 ordines,
1932 2335 2224 2418 conjuncti
2255 2337 2406 2398 inter

341 2452 404 2491 se
454 2444 624 2507 atque
672 2432 990 2508 implicati3
1052 2431 1167 2507 quo
1225 2433 1322 2508 qui
1370 2433 1740 2505 intraverant,
1788 2452 1852 2491 se
1896 2432 2003 2508 ipsi
2060 2431 2406 2490 acutissimis

341 2524 505 2582 vallis
534 2523 866 2582 induebant.
950 2523 1078 2581 Hos
1105 2524 1306 2601 cippos
1344 2525 1723 2600 appellabant.
1807 2524 1965 2582 Ante
2005 2524 2128 2595 hos,
2156 2523 2406 2599 obliquis

339 2616 643 2674 ordinibus
685 2616 747 2673 in
789 2615 1180 2690 quincuncem
1222 2615 1532 2692 dispositis,
1561 2617 1807 2689 scrobes.
1836 2615 2009 2673 trium
2050 2615 2109 2672 in
2159 2615 2409 2673 altitudi-

339 2725 474 2764 nem
514 2707 728 2783 pedum
770 2706 1154 2780 fodiebantur,
1181 2707 1460 2784 paulatim
1503 2707 1832 2784 angustiore
1878 2707 1947 2765 ad
1990 2707 2248 2765 infimum
2297 2707 2408 2764 fas-

340 2797 500 2874 tigio.
601 2797 741 2854 Huc
785 2808 996 2855 teretes
1043 2800 1284 2875 stipites,
1336 2799 1567 2857 feminis
1614 2800 2013 2870 crassitudine,
2063 2799 2135 2856 ab
2181 2817 2408 2857 summo

338 2889 616 2964 praeacuti
657 2900 715 2946 et
753 2890 1008 2965 praeusti,
1037 2890 1484 2949 demittebantur
1529 2891 1626 2962 ita,
1657 2902 1719 2949 ut
1758 2910 1876 2949 non
1920 2889 2164 2966 amplius
2206 2890 2407 2968 digitis

338 2977 426 3038 lv
455 2998 525 3038 ex
552 2981 706 3039 terra
734 2981 1054 3039 eminerent
1078 3001 1090 3039 ε
1133 2982 1326 3054 simul,
1356 2983 1734 3058 confirmandi
1763 2996 1821 3042 et
1848 2982 2174 3040 stabiliendi
2206 2983 2404 3054 causa,

339 3071 553 3148 singuli
585 3073 656 3129 ab
686 3071 885 3130 infimo
911 3074 1034 3130 solo
1072 3074 1250 3150 pedes
1288 3074 1444 3133 terra
1485 3074 1972 3132 exculcabantur:
2012 3073 2235 3149 reliqua
2271 3092 2406 3150 pars

338 3163 561 3220 scrobis
603 3163 674 3224 ad
715 3164 1091 3223 occultandas
1137 3165 1372 3224 insidias
1415 3166 1724 3224 viminibus
1774 3184 1843 3223 ac
1887 3165 2147 3243 virgultis
2188 3166 2407 3242 intege-

340 3252 523 3312 batur.
610 3254 803 3331 Hujus
856 3257 1086 3333 generis
1138 3258 1331 3315 octoni
1383 3258 1615 3315 ordines
1662 3258 1841 3328 ducti,
1889 3269 2082 3328 ternos
2137 3257 2285 3315 inter
2339 3276 2405 3317 se

339 3345 517 3423 pedes
556 3347 861 3404 distabant.
947 3347 1013 3405 Id
1055 3367 1127 3406 ex
1167 3348 1544 3408 similitudine
1593 3349 1749 3407 floris
1791 3349 1973 3407 lilium
2023 3349 2403 3425 appellabant.

342 3437 499 3495 Ante
547 3437 673 3495 haec
715 3438 900 3510 taleae,
948 3439 1157 3515 pedem
1202 3439 1411 3517 longae,
1456 3441 1652 3499 ferreis
1697 3442 1881 3499 hamis
1929 3440 2137 3512 infixis,
2164 3452 2298 3499 totoe
2341 3440 2407 3499 in

341 3540 551 3587 terram
581 3527 1026 3602 infodiebantur,
1056 3531 1557 3607 mediocribusque
1599 3533 1936 3591 intermissis
1976 3533 2197 3608 spatiis,
2223 3533 2406 3591 omni-

342 3619 450 3679 bus
477 3621 620 3679 locis
648 3621 1093 3693 disserebantur,
1122 3641 1267 3698 quos
1294 3624 1553 3682 stimulos
1582 3625 1973 3683 nominabant.

421 3710 701 3771 LXXIV.
750 3712 871 3771 His
898 3715 1069 3771 rebus
1103 3714 1395 3790 perfectiS,
1425 3717 1688 3791 regiones
1728 3726 1965 3773 secutus
2004 3713 2178 3789 quam
2218 3714 2408 3790 potuit

341 3803 696 3877 aequissimas
740 3823 846 3881 pro
885 3804 999 3864 loci
1048 3807 1275 3876 natura,
1305 3805 1455 3864 XIV
1504 3806 1686 3865 millia
1716 3812 2000 3882 'passuum
2047 3806 2405 3884 complexus,

343 3908 505 3956 nares
532 3894 786 3968 ejusdem
828 3896 1057 3972 generis
1097 3896 1467 3967 munitiones,
1496 3896 1751 3955 diversas
1797 3898 1869 3955 ab
1919 3881 2030 3969 liis,
2060 3909 2264 3956 centra
2309 3914 2406 3956 exe·
