2747 4376
383 280 461 337 30
1044 278 1136 327 DE
1181 278 1414 327 BELLO
1461 279 1781 327 GALLIUO
2052 281 2208 344 [Car.
2242 280 2460 327 52-54,

385 432 443 477 et
470 420 713 495 desuper
742 420 1122 479 vulnerarent.
1203 421 1411 482 Quum
1453 422 1700 478 hostium
1747 422 1902 478 acies
1931 441 1964 477 a
1991 421 2225 479 sinistro
2266 440 2456 478 cornu

384 511 551 586 pulsa
577 523 746 586 atque
774 513 834 568 in
866 513 1059 589 fugam
1090 532 1366 571 conversa
1394 525 1563 585 esset,
1595 533 1628 570 a
1654 515 1855 570 dextro
1876 532 2057 569 cornu
2081 515 2456 571 vehementer

384 603 1011 661 multitudinesuorum
1041 614 1294 662 nostram
1333 606 1520 663 aciem
1560 607 1910 681 premebant.
1997 604 2066 662 Id
2108 624 2288 680 quum
2331 605 2457 662 ani-

384 696 776 753 madvertisset
803 696 866 753 P.
898 696 1142 753 Crassus
1172 696 1529 768 adolescens,
1557 697 1657 772 qui
1697 697 1955 773 equitatu
1996 708 2259 775 praeerat,
2291 695 2455 772 quod

384 787 699 861 expeditior
727 798 868 859 erat,
899 786 1073 862 quam
1121 788 1200 859 hi,
1231 788 1330 863 qui
1380 789 1527 846 inter
1572 788 1757 845 aciem
1796 789 2190 859 versabantur,
2219 788 2452 845 tertiam

386 878 570 935 aciem
596 880 988 937 laborantibus
1014 881 1223 937 nostris
1252 879 1511 937 subsidio
1538 879 1710 937 misit.

461 968 621 1027 LIII.
676 970 768 1028 Ita
791 972 1056 1046 proelium
1094 972 1419 1029 restitutum
1462 981 1568 1042 est,
1600 981 1769 1045 atque
1809 990 2011 1029 omnes
2052 971 2244 1028 hostes
2282 982 2455 1047 terga

272 1086 290 1100 ·
383 1070 692 1132 verterunt,
741 1080 931 1137 neque
985 1061 1147 1139 prius
1203 1063 1404 1140 fugere
1458 1063 1818 1134 destiterunt,
1873 1061 2046 1137 quam
2103 1062 2175 1119 ad
2230 1062 2451 1121 flumen

383 1151 660 1210 Rhenum
687 1154 867 1210 millia
892 1174 1165 1230 passuum
1194 1174 1266 1212 ex
1305 1173 1377 1212 eo
1416 1155 1548 1212 loco
1589 1145 1820 1213 circiter
1862 1154 2282 1231 quinquaginta
2320 1174 2455 1230 per-

296 1268 310 1286 ι
382 1245 656 1302 venerint.
739 1245 830 1302 Ibi
857 1246 1132 1322 perpauci
1161 1257 1277 1317 aut,
1307 1246 1525 1303 viribus
1566 1247 1790 1317 confisi,
1818 1256 2452 1304 transnatareconten-

380 1335 607 1407 derunt,
626 1348 756 1408 lant,
789 1336 1059 1395 lintribus
1087 1337 1353 1408 inventis,
1384 1338 1494 1394 sibi
1522 1329 1764 1395 salu'tem
1806 1349 2157 1413 repererunt.
2240 1337 2311 1395 In
2355 1339 2448 1396 his

381 1427 490 1487 fuit
518 1429 861 1498 AriovistuS‚
892 1429 1010 1504 qui,
1040 1429 1365 1486 naviculam
1413 1430 1722 1505 deligatam
1770 1430 1839 1486 ad
1887 1430 2069 1505 ripam
2117 1440 2341 1500 nactus,
2372 1431 2441 1488 ea

378 1520 661 1596 profugit;
706 1521 956 1595 reliquos
982 1540 1183 1578 omnes
1211 1521 1511 1578 consecuti
1539 1522 1762 1596 equites
1790 1522 1968 1579 nostri
2006 1521 2441 1579 interfecerunt.

298 1662 305 1675 ,
384 1610 528 1668 Duae
571 1613 803 1670 fuerunt
847 1613 1123 1669 Ariovisti
1168 1631 1394 1684 uxoreS,
1441 1632 1559 1669 una
1603 1597 1797 1670 Suev‘d
1843 1614 2098 1684 natione,
2147 1633 2319 1688 quam
2371 1616 2443 1672 ab

379 1701 550 1760 domo
597 1722 792 1761 secum
845 1705 1150 1775 eduxerat3
1210 1706 1386 1762 altera
1429 1704 1669 1775 Norica,
1720 1704 1873 1782 regis
1925 1705 2207 1763 Vocionis
2260 1726 2440 1778 soror,

380 1814 549 1870 quam
580 1796 639 1852 in
667 1796 858 1852 Gallia
896 1797 1160 1867 duxerat,
1193 1816 1225 1854 a
1253 1797 1427 1854 fratre
1469 1797 1735 1853 missam:
1780 1809 2037 1872 utraeque
2081 1799 2142 1855 in
2184 1799 2253 1855 ea
2302 1799 2440 1875 suga

378 1888 685 1961 perierunt.
771 1887 916 1944 Duae
961 1888 1093 1945 filiae
1143 1889 1364 1959 harum,
1418 1889 1594 1946 altera
1636 1890 1852 1960 occisa,
1897 1889 2074 1947 altera
2127 1902 2296 1966 capta
2334 1902 2437 1948 est.

380 1979 445 2035 C.
477 1978 743 2035 Valerius
772 1978 1074 2050 Procillus,
1105 1999 1283 2054 quum
1314 2000 1347 2038 a
1375 1981 1710 2038 custodibus
1740 1981 1798 2038 in
1835 1982 1972 2058 fuga
2012 1982 2178 2039 trinis
2219 1983 2440 2040 catenis

377 2070 604 2127 vinctus
649 2070 988 2143 traheretur,
1031 2072 1090 2128 in
1137 2072 1322 2148 ipsum
1368 2074 1678 2144 Caesarem,
1708 2074 1900 2131 hostes
1947 2074 2203 2148 equitatu
2250 2092 2440 2148 perse·

377 2174 667 2236 quentem,
697 2162 918 2222 incidit.
999 2163 1155 2226 Quae
1186 2164 1418 2240 quidem
1447 2184 1538 2223 res
1560 2165 1776 2223 Caesari
1801 2185 1916 2224 non
1939 2166 2239 2237 minorem,
2261 2164 2436 2240 quam

377 2255 500 2330 ipsa
525 2256 784 2328 victoria,
814 2257 1160 2332 voluptatem
1201 2256 1596 2332 attulit‚.quod
1637 2259 1927 2316 hominem
1970 2257 2433 2315 honestissimum

377 2349 681 2424 provinciae
725 2349 949 2420 Galliae,
999 2367 1168 2405 suum
1223 2348 1563 2408 familiarem
1620 2362 1677 2407 et
1732 2350 2033 2428 hospitem,
2089 2361 2345 2424 ereptum
2402 2369 2436 2406 e

377 2441 639 2498 manibus
680 2441 949 2512 hostium,
979 2441 1089 2498 sibi
1137 2440 1464 2499 restitutum
1506 2443 1734 2499 videbat
1757 2433 2002 2520 ;(neque
2044 2441 2165 2517 ejus
2205 2442 2436 2498 calami-

220 2549 229 2556 ·
266 2547 281 2595 ζ
372 2541 488 2590 tate
516 2533 587 2589 de
615 2534 771 2590 tanta
801 2533 1089 2607 voluptate
1118 2544 1176 2590 et
1202 2534 1588 2609 gratulatione
1632 2534 1942 2609 quidquam
1989 2533 2216 2590 fortuna
2258 2533 2435 2590 demi-

371 2636 593 2682 nuerat.
677 2623 754 2695 Is,
785 2644 847 2682 se
886 2635 1188 2699 praesente,
1219 2625 1291 2681 de
1333 2644 1396 2682 se
1436 2634 1523 2682 ter
1551 2628 1797 2682 sortibus
1828 2626 2151 2683 consultum
2182 2625 2431 2696 dicebat,

372 2712 562 2772 utrum
594 2699 714 2791 igni
743 2715 935 2772 statim
975 2727 1300 2786 necaretur,
1336 2734 1409 2771 an
1452 2715 1512 2772 in
1556 2716 1710 2772 aliud
1750 2726 1977 2790 tempus
2015 2728 2395 2773 reservaretur

370 2807 608 2863 sortium
637 2806 921 2863 beneficio
948 2825 1008 2864 se
1038 2825 1163 2864 esse
1185 2806 1550 2863 incolumem.
1634 2805 1781 2862 Item
1802 2804 1885 2861 M.
1912 2804 2153 2861 Mettius
2174 2819 2432 2882 repertus

369 2910 426 2955 et
456 2898 525 2954 ad
554 2917 686 2955 eum
715 2898 986 2955 reductus
1013 2909 1116 2956 est.

447 2989 601 3047 LIV.
661 2988 794 3046 Hoc
835 2989 1039 3065 proelio
1080 2999 1238 3046 trans
1280 2988 1560 3046 Rhenum
1612 2986 1910 3058 nunciatO,
1969 2989 2166 3059 Suevi,
2216 2991 2313 3064 qui
2359 2992 2427 3049 ad

368 3082 520 3156 ripas
548 3081 745 3138 Rheni
773 3091 1066 3152 venerant,
1097 3082 1330 3138 domum
1360 3079 1569 3137 rererti
1598 3089 1929 3155 coeperunt:
1974 3100 2116 3155 quos
2145 3081 2299 3152 Ubii,
2330 3084 2424 3157 qui
2493 3109 2500 3118 ·

320 3157 609 3249 ,proximi
638 3173 916 3230 Rhenum
945 3173 1226 3243 incolunt,
1254 3171 1588 3248 perterritos
1629 3172 1895 3244 insecuti,
1926 3192 2200 3249 magnum
2242 3193 2312 3230 ex
2340 3175 2425 3233 his

366 3285 669 3324 numerum
734 3265 1091 3322 occiderunt.
1192 3265 1409 3335 Caesar,
1466 3264 1582 3321 una
1639 3275 1833 3323 aestate
1887 3266 2111 3322 duobus
2164 3266 2424 3324 maximis

366 3358 530 3416 bellis
559 3357 859 3428 confectiS‚
891 3355 1171 3414 maturius
1198 3354 1394 3432 paulo,
1426 3354 1597 3431 quam
1641 3369 1866 3432 tempus
1908 3357 2043 3414 anni
2078 3357 2423 3436 postulabat,

366 3449 425 3507 in
453 3450 695 3506 hiberna
723 3449 782 3505 in
813 3450 1114 3523 Sequanos
1145 3449 1463 3524 exercitum
1493 3448 1762 3506 deduxit:
1807 3449 2064 3507 hibernis
2105 3449 2421 3506 Labienum

351 3530 709 3619 'praeposuitt
756 3540 876 3617 ipse
925 3540 984 3597 in
1029 3541 1355 3599 citeriorem
1404 3542 1651 3599 Galliam
1698 3542 1767 3598 ad
1812 3552 2128 3598 conventus
2179 3541 2423 3618 agendos

362 3634 655 3710 profectus
683 3644 769 3691 est

2693 1040 2700 1067 a...
2699 960 2700 967 ⁴
