2747 4376
316 307 453 357 cn.
486 307 716 369 20—23.]
1018 306 1232 354 emsa
1276 307 1675 356 ssscusnus.
2304 310 2382 367 30

317 469 514 508 rerum
538 468 808 527 magnam
835 461 1055 525 partem
1085 449 1356 525 temporis
1385 450 1632 507 brevitas
1660 462 1716 508 et
1757 470 2064 508 successus
2105 462 2162 508 et
2192 452 2382 508 incur·

316 561 420 599 sus
448 542 698 599 hostium
727 542 1089 617 impediebat.
1175 542 1286 598 His
1314 541 1747 599 difficultatibus
1775 542 1902 600 duae
1933 561 2022 600 res
2049 554 2212 600 erant
2251 543 2383 600 sub-

317 635 492 705 sidio,
541 634 786 691 scientia
834 645 1004 707 atque
1052 653 1189 691 usus
1231 634 1497 704 militum,
1536 634 1687 707 quod
1734 635 2120 709 superioribus
2167 635 2382 709 proeliis

319 726 643 797 exercitati,
686 725 823 800 quid
867 725 989 783 fieri
1035 736 1338 801 oporteret,
1381 744 1497 782 non
1541 724 1733 783 minus
1776 725 2075 783 commode*
2122 725 2227 801 ipsi
2271 727 2378 783 sibi

318 818 717 893 praescribere,
747 816 920 892 quam
951 818 1022 873 ab
1052 817 1177 874 aliis
1217 817 1413 874 doceri
1452 829 1753 893 poterant;
1795 829 1853 875 et
1898 817 2052 892 quod
2096 819 2166 873 ab
2208 836 2381 893 opere

319 910 682 985 singulisque
723 908 1047 985 legionibus
1087 909 1343 985 singulos
1383 909 1603 986 legatos
1657 910 1853 966 Caesar
1908 909 2223 979 discedere,
2267 909 2379 967 nisi

321 1000 563 1057 munitis
590 1000 812 1071 castris,
841 1010 1112 1057 vetuerat.
1201 1000 1280 1057 Hi
1309 1011 1537 1076 propter
1578 1001 2055 1076 propinquitatem
2098 1013 2155 1058 et
2183 1000 2381 1058 celeri-

321 1103 501 1150 tatem
530 1092 777 1149 hostium
806 1091 947 1148 nihil
970 1091 1088 1167 jam
1119 1092 1364 1149 Caesaris
1405 1093 1708 1168 imperium
1756 1093 2110 1168 spectabant,
2139 1093 2239 1149 sed
2278 1111 2379 1169 per

322 1202 408 1254 se,
437 1203 564 1259 quae
594 1183 951 1254 videbantur,
982 1182 1468 1241 administrabant.

406 1274 576 1332 XXI.
634 1275 849 1347 Caesar,
902 1276 1244 1333 necessariis
1286 1276 1460 1333 rebus
1508 1275 1817 1352 imperatis,
1874 1275 1944 1332 ad
1999 1277 2381 1335 cohortandos

324 1366 558 1438 milites,
587 1386 756 1442 quam
787 1366 845 1424 in
872 1378 1089 1441 partem
1120 1367 1234 1424 fors
1261 1368 1486 1438 obtulit,
1518 1366 1869 1443 decucurrit,
1897 1377 1952 1424 et
1996 1367 2065 1423 ad
2096 1368 2382 1445 legionem

325 1458 614 1515 decimam
669 1458 911 1516 devenit.
999 1457 1217 1516 Milites
1264 1478 1382 1515 non
1423 1459 1681 1535 longiore
1729 1458 1984 1516 oratione
2032 1459 2381 1531 cohortatus,

324 1548 501 1624 quam
530 1547 611 1607 u'ti
640 1569 758 1607 suae
788 1551 1037 1625 pristinae
1081 1551 1305 1608 virtutis
1352 1550 1687 1608 memoriam
1737 1551 2066 1621 retinerent,
2097 1569 2209 1608 neu
2259 1569 2383 1627 per-

324 1641 691 1699 turbarentur
746 1641 957 1713 anim0,
1004 1642 1367 1717 hostiumque
1422 1643 1697 1718 impetum
1748 1641 1966 1699 fortiter
2014 1642 2379 1714 sustinerent,

325 1729 482 1807 quod
509 1752 626 1790 non
653 1731 881 1810 longius
910 1726 1100 1791 hostes
1129 1735 1384 1804 aberant,
1414 1733 1589 1809 quam
1618 1733 1732 1808 quo
1762 1733 1938 1791 telum
1971 1733 2139 1810 adjici
2169 1748 2377 1810 posset,
2420 1736 2486 1811 ἦ(

323 1823 512 1899 proelii
564 1824 959 1882 committendi
1006 1825 1232 1901 signum
1281 1825 1458 1883 dedit.
1541 1825 1734 1899 Atque
1779 1825 1836 1882 in
1878 1825 2109 1883 alteram
2159 1836 2378 1901 partem

326 1916 464 1974 item
492 1915 827 1973 cohortandi
868 1918 1044 1973 causa
1082 1917 1393 1992 profectus,
1422 1917 1810 1993 pugnantibus
1849 1916 2118 1974 occurrit.
2202 1916 2380 1975 Tem-

323 2007 480 2083 poris
506 2008 666 2065 tanta
691 2008 797 2065 fuit
824 2007 1126 2085 exiguitas,
1156 2007 1518 2082 hostiumque
1558 2021 1675 2065 tam
1714 2019 1946 2084 paratus
1988 2008 2056 2065 ad
2100 2009 2379 2066 dimican-

325 2098 465 2156 dum
518 2100 761 2171 animus,
811 2110 874 2157 ut
917 2119 1034 2156 non
1077 2098 1248 2157 modo
1301 2100 1372 2156 ad
1424 2099 1671 2177 insignia
1715 2100 2220 2170 accommodanda,
2276 2101 2376 2158 sed

326 2192 500 2249 etiam
545 2191 615 2249 ad
658 2192 849 2269 galeas
899 2191 1256 2249 inducendas
1315 2193 1608 2267 scutisque
1661 2193 1973 2269 tegimenta
2027 2193 2379 2252 detrahenda

326 2295 552 2359 tempus
579 2284 837 2341 desuerit.
917 2284 1116 2346 Quam
1161 2285 1402 2359 quisque
1453 2284 1510 2341 in
1556 2296 1771 2358 partem
1818 2284 1888 2341 ab
1916 2303 2087 2359 opere
2116 2303 2253 2341 casu
2282 2284 2379 2342 de-

327 2376 502 2445 venit,
545 2394 784 2450 quaeque
822 2376 1008 2451 prima
1046 2376 1213 2452 signa
1260 2376 1577 2450 conspexit,
1609 2375 1678 2431 ad
1722 2375 1845 2432 haec
1889 2376 2164 2447 constitit,
2194 2394 2268 2433 ne
2318 2377 2377 2433 in

328 2467 650 2541 quaerendis
676 2467 795 2524 suis
821 2468 1114 2543 pugnandi
1146 2480 1369 2542 tempus
1398 2466 1726 2523 dimitteret.

408 2557 608 2615 XXII.
668 2558 955 2616 Instructo
982 2559 1237 2616 exercitu
1281 2557 1465 2635 magis
1509 2570 1571 2614 ut
1613 2557 1727 2614 loci
1770 2568 1972 2614 natura
2010 2557 2379 2634 dejectusque

329 2650 491 2707 collis
519 2660 576 2707 et
603 2651 913 2707 necessitas
939 2649 1231 2726 temporis,
1261 2647 1435 2724 quam
1482 2661 1541 2707 ut
1583 2649 1665 2707 rei
1712 2648 1973 2706 militaris
2018 2650 2161 2706 ratio
2208 2661 2378 2726 atque

329 2741 468 2798 ordo
508 2742 851 2817 postulabat,
880 2760 1076 2815 quum,
1118 2741 1356 2798 diversis
1403 2741 1744 2818 legionibuS‚
1791 2741 1914 2798 aJiae
1964 2741 2071 2797 alia
2121 2742 2176 2798 in
2219 2755 2378 2817 parte

330 2834 588 2890 hostibus
639 2833 987 2903 resisterent,
1041 2833 1387 2908 sepibusque
1435 2832 1809 2904 densissimiS,
1850 2843 1912 2889 ut
1961 2833 2090 2889 ante
2148 2834 2379 2891 demon-

329 2923 648 2994 stravimuS,
677 2924 1008 3001 interjectis,
1037 2935 1372 3000 prospectus
1403 2924 1806 3000 impediretur:
1852 2942 2037 2999 neque
2065 2935 2222 2983 certa
2249 2926 2378 2983 sub-

329 3016 476 3074 sidia
501 3016 794 3087 collocari,
823 3034 1011 3090 neque
1039 3016 1176 3091 quid
1206 3016 1264 3072 in
1294 3016 1521 3090 quaque
1548 3026 1707 3091 parte
1734 3035 1878 3091 opus
1899 3028 2047 3073 esset
2073 3017 2376 3091 provideri,
2397 2995 2457 3100 ss

331 3126 516 3182 neque
545 3108 616 3164 ab
642 3127 762 3164 uno
786 3108 983 3164 omnia
1010 3107 1250 3183 imperia
1291 3106 1673 3164 administrari
1715 3117 1992 3182 poterant.
2077 3106 2277 3183 Itaque
2321 3109 2378 3167 in

330 3199 485 3256 tanta
540 3217 731 3255 rerum
785 3197 1087 3273 iniquitate
1141 3197 1382 3255 sortunae
1438 3197 1667 3273 quoque
1719 3209 1957 3256 eventus
1997 3199 2137 3256 varii
2183 3218 2382 3275 seque-

331 3292 550 3347 bantur.
1287 3338 1293 3343 .

405 3380 637 3439 XXIII.
694 3380 970 3458 Legionis
1021 3398 1188 3439 nonae
1237 3392 1296 3439 et
1341 3381 1582 3439 decimae
1637 3381 1867 3453 milites,
1919 3393 1979 3439 ut
2034 3383 2092 3439 in
2147 3382 2379 3440 sinistra

330 3485 484 3550 parte
514 3473 638 3530 acie
667 3473 1060 3544 constiterant,
1090 3474 1223 3549 pilis
1250 3473 1494 3544 emissis,
1525 3491 1697 3530 cursu
1741 3492 1809 3529 ac
1849 3473 2184 3531 lassitudine
2213 3492 2383 3531 exan-

330 3565 530 3623 imatos
558 3564 1005 3639 vulneribusque
1034 3565 1330 3622 confectos
1360 3565 1668 3622 Atrebates
1699 3564 1861 3640 (narn
1903 3565 1991 3621 his
2033 3584 2101 3622 ea
2127 3585 2258 3639 pars
2283 3566 2383 3621 ob-

331 3658 585 3736 venerat)
616 3657 880 3714 celeriter
909 3675 980 3713 ex
1007 3657 1138 3714 loco
1178 3656 1472 3731 superiore
1514 3657 1573 3713 in
1617 3655 1830 3713 flumen
1875 3657 2293 3731 compulerunt.
2324 3668 2381 3715 et

330 3749 567 3806 transire
595 3759 873 3806 conantes
901 3748 1150 3806 insecuti
1179 3748 1386 3825 gladiis
1414 3767 1681 3825 magnam
1711 3760 1930 3824 partem
1970 3766 2165 3804 eorum
2208 3748 2383 3823 impe-

331 3839 501 3898 ditam
531 3841 959 3899 interfecerunt.
1042 3840 1159 3916 Ipsi
1187 3841 1430 3898 transire
1459 3839 1672 3897 flumen
1700 3858 1815 3896 non
1839 3838 2271 3908 dubitaverunt3
2303 3850 2380 3911 et,

332 3931 386 3989 in
439 3933 632 3990 locum
684 3932 941 4008 iniquum
992 3931 1297 4009 progressi.
1343 3951 1540 3988 rursus
1596 3950 1885 4008 regressos
1943 3949 2009 3985 ac
2054 3930 2382 3988 resistentes
