2747 4376
17 296 62 343 :a
85 30 160 347 ..l
353 284 495 335 Cet.
525 284 755 347 27-3o.]
1079 283 1290 333 mni-:R
1333 282 1709 332 SEPTIMUS.
2288 284 2426 344 ‚¹25

117 364 140 453 l

17 462 36 497 ,ε
61 465 96 499 t
107 462 120 507 :
354 438 567 485 erent:
609 427 716 498 his,
759 426 859 502 qui
908 426 1080 504 primi
1119 445 1344 484 murum
1391 416 1800 497 ascendissent,
1829 424 2065 501 praemia
2109 426 2424 501 proposuit,

17 570 20 573 .
51 560 70 593 4
109 516 120 579 Ι
318 585 330 593 ὁ
359 518 757 594 militibusque
804 517 1037 596 siguum
1080 518 1251 576 dedit.
1353 517 1449 575 Illi
1496 516 1687 576 subito
1743 535 1814 575 ex
1856 516 2125 575 omnibus
2166 516 2425 592 partibus

109 604 120 623 “
361 610 754 681 evolaverunt,
782 628 1124 685 murumque
1152 609 1414 668 celeriter
1443 609 1886 685 compleverunt.

429 699 740 759 ,XXVIIL
798 701 1034 773 Hostes,
1062 720 1125 759 re
1169 701 1318 759 nova
1363 700 1670 777 perterriti,
1713 719 1878 759 muro
1923 700 2288 775 turribusque
2329 700 2424 758 de-

371 782 532 863 recti,
561 791 620 848 in
647 792 771 850 foro
800 811 869 850 ac
909 792 1053 850 locis
1091 792 1509 868 patentioribus
1550 791 1839 849 cuneatim
1881 791 2280 863 constiterunt,
2310 791 2423 849 hoc

384 882 587 954 mimo,
617 893 698 956 ut,
728 883 776 941 si
819 878 935 959 quii
978 903 1048 955 ex
1087 895 1249 960 parte
1295 881 1524 941 obviarn
1569 882 1770 941 contra
1817 882 2122 955 veniretur,
2167 883 2292 941 acie
2338 882 2424 940 in·

382 975 592 1032 structa
621 975 1031 1052 depugnarent.
1112 975 1228 1039 Ubi
1255 974 1546 1033 neminem
1588 975 1647 1033 in
1689 993 1915 1050 aequum
1953 974 2146 1032 locum
2173 992 2299 1033 sese
2326 974 2422 1032 de-

329 1110 344 1123 .
376 1067 601 1124 mittere
628 1066 729 1123 sed
758 1076 879 1124 toto
905 1067 1159 1142 undique
1194 1085 1359 1124 muro
1400 1064 1785 1124 circumfiindi
1825 1065 2107 1136 viderunt,
2136 1065 2318 1137 veriti,
2347 1083 2421 1123 ue

370 1158 612 1216 omnino
632 1176 761 1233 spes
788 1158 937 1235 fugae
965 1158 1276 1230 tolleretur,
1308 1158 1546 1235 abjectis
1575 1157 1765 1228 armiS,
1794 1156 2025 1215 ultimas
2063 1156 2258 1233 oppidi
2296 1176 2419 1232 par-

372 1260 463 1306 tes
511 1248 831 1307 continenti
878 1251 1093 1325 impetu
1140 1239 1502 1326 petiverunt:
1542 1267 1786 1326 parsque
1830 1248 1930 1319 ibi,
1961 1266 2138 1323 quum
2182 1260 2424 1324 angusto

370 1351 662 1416 portarum
691 1341 845 1399 exitu
874 1360 936 1398 se
963 1340 1069 1417 ipsi
1095 1351 1439 1418 premerent,
1480 1360 1513 1398 a
1537 1340 1833 1411 militibus,
1875 1359 2026 1416 pars,
2049 1338 2169 1415 jam
2195 1356 2424 1415 egressa

372 1432 574 1508 portis»,
625 1432 695 1490 ab
748 1432 1037 1508 equitibus
1089 1443 1177 1491 est
1228 1433 1562 1491 interfecta:
1624 1450 1735 1489 nec
1789 1431 1897 1490 fuit
1950 1430 2271 1507 quisquam,
2325 1429 2423 1505 qui

372 1524 581 1600 praedae
609 1525 876 1583 studeret.
960 1523 1062 1582 Sic
1088 1535 1147 1582 et
1172 1524 1504 1583 Genabensi
1533 1523 1693 1582 caede
1734 1534 1793 1581 et
1830 1522 2026 1580 labore
2065 1520 2254 1598 operis
2281 1520 2422 1578 inci·

372 1616 499 1688 tati,
529 1636 645 1673 non
674 1602 838 1677 aetate
866 1616 1162 1688 confectiS,
1192 1635 1310 1673 non
1336 1615 1692 1687 mulieribus,
1720 1634 1835 1673 non
1876 1612 2188 1671 infantibus
2225 1631 2423 1690 peper-

372 1719 597 1766 cerunt.
678 1708 948 1784 Denique
991 1727 1061 1766 ex
1102 1708 1260 1766 omni
1307 1726 1380 1765 eo
1424 1727 1682 1779 numer0,
1728 1706 1826 1783 qui
1870 1706 1977 1763 fuit
2022 1705 2252 1764 circiter
2307 1704 2420 1764 XL

371 1800 641 1871 millium,
668 1801 761 1857 vix
809 1799 1048 1871 DCCC,
1078 1800 1176 1876 qui
1221 1799 1410 1875 primo
1456 1800 1705 1871 clamore
1749 1798 1943 1856 audito
1985 1817 2047 1855 se
2093 1817 2164 1856 ex
2209 1797 2421 1874 oppido

372 1892 683 1969 ejecerant,
723 1891 1041 1949 incolumes
1082 1891 1150 1948 ad
1199 1890 1734 1968 Vercingetorigem
1772 1900 2167 1967 pervenerunt.
2248 1889 2420 1952 Quos

374 1985 493 2056 ille,
522 1984 701 2041 multa
722 1984 839 2060 jam
866 1993 1059 2055 nocte,
1088 1983 1318 2041 silentio
1353 2002 1425 2040 ex
1467 1982 1601 2059 fuga
1642 1983 1884 2059 excepit,
1916 1981 2176 2059 (veritus,
2204 1999 2281 2038 ne
2306 1999 2421 2055 qua

374 2077 438 2137 in
491 2076 693 2133 castris
747 2093 819 2132 ex
871 2094 1067 2133 eorum
1124 2094 1412 2132 concursu
1461 2086 1519 2133 et
1563 2073 1959 2132 misericordia
2004 2072 2161 2150 vulgi
2213 2073 2421 2131 seditio

373 2169 666 2247 oriretur,)
700 2178 780 2239 ut,
809 2167 1008 2244 procul
1039 2166 1099 2225 in
1126 2166 1216 2225 via
1252 2167 1540 2244 dispositis
1583 2165 1955 2224 familiaribus
1993 2165 2114 2223 suis
2151 2163 2421 2241 principi·
2523 2185 2541 2202 ⁶

374 2262 596 2336 busque
623 2260 936 2331 civitatum,
965 2259 1337 2335 disparandos
1363 2258 1847 2332 deducendosque
1888 2256 1960 2313 ad
1998 2275 2133 2313 suos
2172 2265 2419 2326 curaret,

374 2372 501 2427 quae
530 2352 741 2427 cuique
768 2351 984 2409 civitati
1012 2370 1146 2427 pars
1170 2362 1486 2408 castrorum
1517 2351 1587 2407 ab
1614 2349 1782 2407 initio
1808 2347 2130 2405 obvenerat.

454 2443 688 2501 XXIX.
744 2443 982 2501 Postero
1007 2442 1101 2500 die
1142 2441 1394 2500 concilio
1433 2450 1768 2511 convocato,
1799 2438 2124 2496 consolatus
2165 2435 2423 2495 cohorta-

374 2546 578 2611 tusque
604 2546 710 2606 est,
741 2541 757 2568 ‘
780 2553 855 2592 ne
881 2553 943 2592 se
973 2534 1277 2591 admodum
1307 2533 1500 2590 animo
1540 2531 1922 2601 demitterent,
1952 2548 2095 2587 neve
2133 2527 2421 2604 perturba-

377 2640 568 2685 rentur
623 2626 1023 2685 incommodo:
1080 2645 1195 2683 non
1244 2625 1454 2682 virtute
1506 2642 1695 2699 neque
1749 2621 1808 2680 in
1866 2621 1990 2679 acie
2042 2620 2249 2678 vicisse
2302 2620 2422 2678 Ro-

378 2738 593 2791 manos,
622 2718 723 2776 sed
755 2701 995 2776 artificio
1020 2718 1268 2793 quodam
1297 2727 1354 2775 et
1381 2715 1622 2774 scientia
1659 2711 2119 2792 oppugnationis,
2147 2711 2311 2788 cujus
2333 2712 2420 2788 rei

377 2811 589 2869 suerint
637 2810 741 2886 ipsi
790 2809 1068 2886 imperiti:
1112 2827 1321 2879 errare,
1351 2809 1401 2866 si
1444 2806 1541 2883 qui
1585 2808 1644 2865 in
1692 2806 1842 2865 bello
1886 2824 2086 2864 omnes
2137 2804 2422 2863 secundos

376 2922 564 2960 rerum
595 2913 900 2978 proventus
928 2910 1260 2977 exspectent
1283 2919 1295 2957 :
1338 2899 1449 2957 sibi
1477 2917 1769 2974 nunquam
1797 2897 2081 2972 placuisse
2108 2896 2421 2954 Avaricum

377 2993 629 3064 defendi,
659 2993 824 3070 cujus
850 2993 934 3051 rei
961 3002 1135 3050 testes
1163 2991 1315 3068 ipsos
1343 2991 1612 3061 haberet;
1655 2988 1754 3048 sed
1783 2990 1998 3047 factum
2039 2987 2421 3063 imprudentia

379 3084 703 3161 Biturigum
732 3094 791 3142 et
815 3084 994 3142 nimia
1021 3083 1395 3159 obsequentia
1440 3082 1805 3156 reliquorum,
1834 3078 1917 3137 uti
1960 3079 2071 3136 hoc
2112 3079 2423 3136 incommo-

378 3177 513 3235 dum
562 3158 955 3251 acciperetur:
1012 3174 1070 3233 i'd
1112 3187 1303 3232 tamen
1344 3168 1407 3231 se
1455 3173 1717 3231 celeriter
1757 3171 2066 3248 majoribus
2107 3170 2422 3227 commodis

376 3279 725 3327 sanaturum.
808 3265 868 3323 N
873 3287 962 3324 am
991 3286 1116 3342 quae
1147 3267 1218 3323 ab
1245 3265 1480 3339 reliquis
1515 3264 1698 3322 Gallis
1739 3263 1995 3320 civitates
2036 3262 2420 3333 dissentirent,

379 3360 480 3418 has
519 3360 625 3417 sua
667 3358 967 3435 diligentia
1011 3357 1433 3434 adjunctarum,
1466 3365 1632 3431 atque
1675 3372 1854 3412 unum
1897 3354 2201 3411 consilium
2236 3353 2422 3410 'totius

375 3451 578 3510 Galliae
621 3450 979 3521 effecturum,
1010 3448 1173 3525 cujus
1220 3466 1505 3506 consensu
1553 3464 1627 3504 ne
1668 3446 1822 3504 orbis
1867 3445 2097 3519 quidem
2144 3456 2422 3502 terrarum

378 3543 554 3619 possit
579 3541 895 3600 obsistere:
939 3541 1110 3616 idque
1137 3559 1198 3598 se
1224 3558 1401 3616 prope
1434 3539 1552 3615 jam
1581 3537 1847 3596 effectum
1887 3537 2112 3594 habere.
2196 3534 2425 3591 Interea

380 3653 603 3711 aequum
632 3651 762 3691 esse
792 3633 862 3689 ab
891 3631 961 3689 iis
988 3630 1310 3690 communis
1337 3630 1536 3687 salutis
1578 3628 1753 3687 causa
1795 3626 2104 3703 impetrari,
2133 3635 2197 3682 ut
2237 3632 2426 3680 castra

384 3726 608 3784 munire
657 3723 1035 3793 instituerent,
1080 3720 1194 3798 que
1246 3720 1473 3780 facilius
1519 3719 1846 3797 repentinos
1892 3717 2139 3774 hostium
2181 3714 2424 3788 impetus

379 3817 659 3875 sustinere
684 3816 949 3891 possent)

457 3906 659 3966 XXX.
718 3904 857 3963 Fuit
902 3906 1027 3963 haec
1064 3906 1247 3962 oratio
1293 3923 1410 3961 non
1452 3901 1676 3978 ingrata
1714 3897 1916 3967 Gallis,
1961 3892 2229 3966 maxime,
2271 3887 2427 3974 quod

859 3998 922 4054 ll
952 3996 984 4030 ⁸⁸
1047 3996 1053 4002 ’
