2747 4376
315 291 442 353 ομ».
474 291 707 353 ss-90.]
1052 289 1262 338 mnu-u
1308 288 1680 337 εΕΡΤιΜυε.
2269 290 2366 350 151

313 433 529 510 insigni
560 435 618 492 in
661 433 877 509 proeliis
926 433 1006 490 uti
1053 435 1476 511 consueverat,)
1522 432 1838 506 turmisque
1892 431 2150 506 equitum
2199 441 2256 488 et
2282 450 2375 487 co·

315 522 575 582 hortibus
621 525 777 597 visiS,
807 544 949 600 quas
976 543 1038 582 se
1078 525 1240 599 sequi
1281 523 1547 599 jusserat.
1579 535 1640 581 ut
1682 524 1754 580 de
1797 523 1942 580 locis
1985 523 2375 598 superioribus

315 617 439 674 haec
483 617 730 674 declivia
771 628 829 675 et
880 617 1095 674 devexa
1139 618 1544 687 cernebantur,
1576 616 1766 672 hostes
1811 615 2074 690 proelium
2115 614 2377 671 commit·

314 718 462 766 tunt.
547 708 847 784 Utrimque
889 708 1141 765 clamore
1181 708 1426 779 sublate,
1456 708 1669 783 excipit
1706 726 1902 764 rursus
1932 725 2001 764 ex
2030 705 2178 763 vallo
2207 717 2376 780 atque

315 800 586 857 omnibus
641 800 1058 858 munitionibus
1112 800 1344 858 clamor.
1428 799 1650 870 Nostri,
1698 798 1924 856 omissis
1974 797 2127 873 pilis,
2169 797 2376 874 gladiis

312 909 438 948 rem
468 902 690 968 gerunt.
775 890 1045 967 Repente
1073 902 1202 967 post
1229 902 1454 968 tergum
1484 892 1771 966 equitatus
1793 890 2078 947 cernitur:
2110 889 2376 946 cohortes

314 983 442 1040 aliae
486 986 975 1059 appropinquant:
1019 984 1212 1053 hostes
1251 995 1415 1060 terga
1456 994 1715 1041 vertunt:
1759 982 2112 1059 fugientibus
2153 980 2376 1057 equites

311 1087 656 1132 occurrunt:
687 1070 750 1132 fit
773 1095 983 1152 magna
1003 1075 1208 1132 caedes:
1293 1075 1587 1146 SeduliuS,
1611 1075 1728 1132 dux
1755 1085 1810 1131 et
1838 1074 2107 1150 princeps
2134 1072 2376 1130 Lemov-

314 1165 493 1238 icum,
537 1167 857 1225 occiditur:
900 1166 1371 1244 Vergasillaunus
1415 1166 1711 1225 Arvernus
1753 1166 1911 1223 vivus
1956 1166 2013 1223 in
2058 1165 2193 1243 fuga
2223 1184 2378 1222 com-

313 1258 726 1334 prehenditur:
770 1259 936 1337 signa
981 1259 1251 1316 militaria
1276 1258 1543 1316 LXXIV
1590 1257 1660 1317 ad
1689 1256 1979 1316 Caesarem
2007 1256 2371 1315 referuntur:

315 1351 490 1426 pauci
520 1370 590 1407 ex
617 1361 776 1408 tanto
817 1369 1057 1408 numero
1083 1369 1145 1408 se
1174 1351 1495 1407 incolumes
1524 1351 1583 1407 in
1612 1361 1802 1407 castra
1841 1349 2142 1424 recipiunt.
2227 1349 2380 1405 Con-

313 1442 518 1517 spicati
576 1462 644 1500 ex
692 1442 902 1518 oppido
955 1442 1172 1499 caedem
1223 1452 1280 1499 et
1323 1441 1517 1518 sugam
1548 1460 1800 1512 suorum,
1831 1441 2129 1517 desperata
2177 1440 2378 1507 salute,

322 1534 520 1608 copias
550 1554 582 1590 a
610 1534 1021 1591 munitionibus
1062 1534 1362 1591 reducunt.
1449 1532 1547 1590 Fit
1595 1533 1874 1609 protinus,
1905 1533 2014 1589 hac
2056 1551 2117 1589 re
2164 1532 2378 1602 audita,

317 1644 389 1683 ex
418 1626 621 1682 castris
648 1626 942 1682 Gallorum
976 1626 1125 1702 suga.
1205 1624 1390 1686 Quod
1420 1625 1530 1682 nisi
1561 1624 1777 1682 crebris
1807 1624 2078 1681 subsidiis
2108 1642 2176 1680 ac
2206 1624 2382 1680 totius

318 1717 433 1775 diei
469 1717 665 1775 labore
706 1717 915 1775 milites
944 1718 1186 1774 fuissent
1214 1717 1442 1788 defessi,
1471 1735 1671 1774 omnes
1699 1716 1947 1773 hostium
1989 1717 2170 1792 copiae
2201 1715 2379 1772 deleri

319 1810 659 1885 potuissent.
767 1809 860 1867 De
913 1809 1105 1867 media
1160 1820 1331 1867 nocte
1385 1808 1592 1866 missus
1654 1808 1939 1883 equitatus
1996 1808 2380 1888 ‚novissimum

326 1919 532 1978 agmen
559 1901 960 1976 consequitur:
986 1920 1229 1977 magnus
1256 1919 1531 1958 numerus
1559 1895 1782 1977 capitur
1807 1911 1976 1975 atque
2004 1899 2378 1957 interficitur:

318 1993 525 2068 reliqui
559 2012 628 2050 ex
660 1993 839 2070 fuga
824 2013 884 2050 1n
913 1993 1174 2050 civitates
1200 1993 1522 2051 discedunt.

399 2084 747 2142 LXXXIX.
792 2084 1029 2141 Postero
1087 2084 1181 2142 die
1223 2083 1685 2161 Vercingetorix,
1740 2083 1991 2141 concilio
2044 2094 2379 2151 convocat0,

320 2176 421 2233 ‘id
451 2196 513 2235 se
562 2176 775 2234 bellum
817 2178 1141 2253 suscepisse
1188 2196 1304 2234 non
1354 2195 1588 2233 suarum
1637 2174 2064 2246 necessitatum,
2093 2174 2193 2232 sed
2228 2195 2382 2232 com-

322 2269 515 2326 munis
560 2269 840 2337 libertatis
885 2269 1092 2326 causa'
1140 2269 1494 2338 demonstrat
1512 2288 1531 2324 ,ε
1577 2275 1590 2300 ‘
1617 2278 1693 2337 et,
1738 2268 2008 2341 quoniam
2039 2267 2112 2324 sit
2142 2265 2380 2323 sortunae

323 2361 672 2432 cedendum,
705 2361 775 2418 ad
818 2372 1120 2435 utramque
1176 2379 1295 2417 rem
1352 2378 1414 2416 se
1470 2359 1581 2416 illis
1634 2359 1856 2429 offerre,
1886 2377 1987 2416 seu
2042 2368 2223 2415 morte
2277 2359 2381 2414 sua

323 2453 608 2510 Romanis
657 2453 1005 2523 satisfacere,
1034 2471 1135 2509 seu
1178 2452 1365 2509 vivum
1411 2451 1636 2508 tradere
1677 2450 1888 2508 velint!
1974 2449 2282 2506 Mittuntur
2312 2448 2384 2505 de

327 2544 417 2601 his
466 2545 638 2601 rebus
695 2544 762 2600 ad
818 2543 1106 2601 Caesarem
1159 2543 1350 2619 legati.
1436 2542 1613 2600 Jubet
1670 2561 1826 2599 arma
1877 2541 2047 2612 tradi,
2094 2541 2385 2616 principes

324 2637 582 2711 produci.
666 2636 796 2712 Ipse
844 2636 922 2712 in,
950 2635 1270 2693 munitione
1316 2655 1422 2711 pro
1465 2634 1671 2692 castris
1723 2633 2021 2691 consedit:
2090 2630 2160 2704 eo
2206 2632 2386 2689 duces

323 2729 755 2804 producuntur:
817 2727 1259 2804 Vercingetorix
1304 2727 1554 2797 deditur,
1586 2746 1742 2783 arma
1787 2725 2181 2802 projiciuntur.
2267 2723 2386 2781 Re·

326 2820 563 2878 servatis
610 2819 819 2877 AEduis
861 2830 1029 2894 atque
1073 2818 1367 2890 Arvernis,
1399 2818 1446 2875 si
1475 2837 1575 2894 per
1604 2837 1703 2876 eos
1744 2817 2004 2876 civitates
2046 2834 2385 2893 recuperare

327 2922 539 2988 posset,
570 2930 639 2968 ex
668 2911 903 2985 reliquis
943 2911 1183 2987 captivis
1231 2920 1352 2967 toto
1379 2910 1634 2968 exercitu
1679 2911 1869 2986 capita
1903 2909 2131 2987 singula
2174 2909 2382 2984 praedae

330 3003 564 3060 nomine
592 3003 895 3060 distribuit.

410 3094 538 3152 XC.
596 3094 708 3152 His
735 3094 909 3152 rebus
948 3093 1247 3164 confectiS,
1281 3094 1337 3151 in
1378 3093 1601 3151 AEduos
1633 3093 2051 3170 proficiscitur3
2097 3093 2387 3150 civitatem

330 3186 547 3262 recipit.
633 3185 719 3243 Εὸ
749 3185 920 3262 legati
948 3185 1017 3243 ab
1040 3186 1316 3243 Arvernis
1344 3185 1524 3255 missi,
1548 3204 1674 3260 quae
1699 3185 2021 3260 imperaret,
2044 3202 2106 3241 se
2137 3183 2387 3241 facturos

328 3278 684 3353 pollicentur.
768 3276 1020 3353 Imperat
1069 3293 1344 3354 ⁴magnum
1388 3296 1688 3335 numerum
1729 3276 2015 3333 obsidum.
2099 3275 2388 3353 Legiones

330 3370 389 3426 in
414 3369 653 3426 hiberna
679 3369 852 3426 mittit
877 3389 888 3426 ε
941 3370 1294 3445 captivorum
1324 3369 1555 3426 circiter
1585 3368 1705 3425 XX
1737 3368 1915 3424 millia
1944 3367 2152 3425 AEduis
2181 3368 2389 3426 Arver-

332 3462 542 3535 nisque·
558 3461 778 3520 reddit:
822 3460 897 3517 T.
931 3461 1251 3521 Labienum
1282 3480 1414 3518 cum
1445 3461 1667 3518 duabus
1696 3460 2018 3536 legionibus
2047 3471 2104 3517 et
2131 3459 2387 3535 equitatu

333 3553 389 3610 in
446 3554 745 3628 Sequanos
771 3552 1060 3628 proficisci
1109 3553 1308 3628 jubet:
1365 3553 1502 3610 huic
1546 3551 1627 3608 M.
1673 3551 2076 3627 Sempronium
2119 3551 2388 3607 Rutilum

332 3646 624 3702 attribuit:
684 3644 753 3702 C.
784 3644 1030 3701 Fabium
1082 3655 1140 3701 et
1184 3644 1249 3702 L.
1297 3644 1625 3701 Minucium
1677 3643 1932 3701 Basilum
1983 3662 2114 3698 cum
2166 3642 2387 3699 duabus

334 3736 653 3813 legionibus
703 3736 762 3794 in
791 3736 999 3793 Remis
1047 3736 1312 3807 collocat,
1343 3755 1417 3794 ne
1447 3755 1617 3811 quam
1668 3736 1738 3792 ab
1783 3734 2039 3792 finitimis
2069 3732 2389 3790 Bellovacis

331 3827 718 3885 calamitatem
788 3827 1091 3903 accipiant.
1177 3827 1245 3886 C.
1292 3827 1608 3885 Antistium
1667 3826 1965 3901 Reginum
2034 3823 2092 3880 in
2156 3823 2391 3880 Ambiv-

514 4082 542 4097 O
