2747 4376
457 90 474 118 t

307 314 455 363 cn.
492 312 655 373 1—3.]
1057 310 1267 360 Lissa
1309 311 1636 361 'rna'rms
1747 294 1750 297 ’
2297 318 2375 378 45

309 455 540 529 aliquot
566 454 780 529 proeliis
809 452 993 524 factis,
1023 453 1384 528 castellisque
1424 454 1811 529 compluribus
1850 474 2048 513 eorum
2089 475 2376 536 expugna·

308 546 412 616 tis,
445 546 634 602 missis
676 545 746 601 ad
786 563 918 601 eum
960 544 1213 619 undique
1248 545 1475 622 legatis,
1505 546 1912 621 obsidibusque
1952 548 2118 620 datis,
2147 560 2204 606 et
2230 569 2374 625 pace

226 710 232 716 ἡ
310 637 498 707 sacta,
528 637 824 693 constituit
852 636 1115 693 cohortes
1142 636 1284 693 duas
1312 637 1372 694 in
1399 637 1791 695 Nantuatibus
1831 639 2135 711 collocare,
2164 651 2222 697 et
2252 641 2372 715 ipse

310 746 457 784 cum
484 728 720 802 reliquis
747 728 870 804 ejus
908 728 1153 804 legionis
1195 729 1526 787 cohortibus
1569 729 1630 786 in
1671 729 1801 786 vico
1831 730 2244 808 Veragrorum,
2273 733 2370 805 qui

312 819 638 895 appellatur
666 820 1017 891 OctoduruS,
1047 820 1299 878 hiemare
1323 841 1336 878 ε
1381 822 1479 896 qui
1508 822 1688 893 vicus,
1716 823 1935 898 positus
1975 825 2034 881 in
2063 824 2225 895 valle,
2256 843 2371 882 non

312 912 534 988 magna
565 912 785 988 adjecta
812 911 1069 988 planitie,
1105 913 1394 981 altissimis
1429 913 1719 970 montibus
1747 914 2000 988 undique
2028 916 2368 974 continetur.
2403 912 2456 971 Χ

309 1001 527 1064 Quum
555 1003 652 1061 hic
680 1004 739 1060 in
786 1004 929 1060 du'as
973 1015 1173 1079 partes·
1200 1003 1437 1061 flumine
1483 1004 1848 1076 divideretur,
1880 1006 2112 1085 alteram
2153 1019 2370 1082 partem

313 1094 444 1170 ejus
493 1095 607 1152 vici
653 1095 837 1153 Gallis
879 1096 1200 1166 concessit3
1249 1095 1505 1167 alteram,
1534 1115 1774 1153 vacuam
1819 1097 1889 1153 ab
1936 1098 2047 1155 illis
2092 1099 2369 1170 relictam,

314 1186 659 1244 cohortibus
687 1186 758 1243 ad
784 1186 1152 1244 hiemandum
1182 1186 1454 1244 attribuit.
1537 1187 1688 1245 Eum
1714 1188 1908 1245 locum
1935 1189 2082 1246 vallo
2110 1189 2372 1265 fossaque

314 1278 584 1335 munivit.
2368 1286 2380 1297 ’

402 1367 480 1425 Π.
534 1369 739 1430 Quum
777 1368 901 1426 dies
943 1369 1311 1427 hibernorum
1355 1370 1678 1446 complures
1723 1369 2078 1442 transissent,
2128 1371 2372 1429 frumen-

315 1471 561 1534 tumque
588 1457 658 1517 eo
687 1461 1029 1536 comportari
1052 1461 1342 1537 jussisset,
1372 1460 1561 1519 subito
1601 1481 1702 1537 per
1743 1462 2125 1537 exploratores
2165 1463 2371 1522 certior

320 1550 512 1608 factus
559 1561 664 1622 est,
695 1569 767 1609 ex
808 1553 878 1609 ea
923 1563 1085 1629 parte
1126 1553 1261 1623 vici,
1303 1571 1475 1626 quam
1516 1553 1697 1610 Gallis
1744 1565 2125 1625 concesserat,
2174 1573 2371 1613 omnes

317 1653 500 1700 noctu
528 1642 878 1715 discessisse,
906 1655 1261 1718 montesque,
1289 1643 1390 1717 qui
1427 1643 1838 1720 impenderent,
1869 1663 1902 1701 a
1947 1645 2193 1702 maxima
2233 1646 2371 1702 rnul-

318 1734 572 1792 titudine
619 1734 986 1792 Sedunorum
1039 1747 1099 1793 et
1152 1736 1542 1812 Veragrorum
1596 1736 1798 1794 teneri.
1908 1735 1973 1791 Id
2031 1736 2240 1810 aliquot
2296 1738 2369 1795 de

320 1826 517 1883 causis
546 1825 856 1898 acciderat,
884 1837 949 1884 ut
976 1825 1166 1885 subito
1194 1827 1349 1884 Galli
1379 1827 1515 1885 belli
1542 1828 1853 1885 renovandi
1891 1827 2246 1903 legionisque
2272 1849 2369 1904 op-

317 1916 635 1992 primendae
665 1918 971 1983 consilium
1010 1929 1313 1994 caperent:
1354 1918 1625 1994 primum,
1653 1916 1807 1994 quod
1847 1920 2151 1996 legionem,
2183 1938 2368 1994 neque

319 2027 450 2065 eam
487 2008 896 2084 plenissimam,
927 2010 1200 2085 detractis
1241 2009 1574 2068 cohortibus
1614 2010 1855 2081 duabus,
1883 2022 1941 2067 et
1980 2011 2369 2087 compluribus

320 2099 674 2176 singillatim,
702 2101 802 2175 qui
840 2102 1193 2160 commeatus
1234 2101 1469 2177 petendi
1498 2101 1673 2159 causa
1714 2101 1873 2158 missi
1913 2113 2094 2173 erant,
2126 2103 2368 2160 absenti-

321 2192 450 2264 bus,
479 2204 705 2269 propter
732 2195 1084 2269 paucitatem
1111 2194 1540 2285 despiciebant:
1582 2204 1705 2251 tum
1733 2194 1927 2265 etiam,
1956 2194 2110 2269 quod
2141 2208 2367 2270 propter

324 2283 682 2359 iniquitatem
709 2286 846 2357 loci,
875 2304 1051 2360 quum
1080 2285 1189 2361 ipsi
1217 2304 1288 2343 ex
1315 2286 1607 2343 montibus
1648 2285 1707 2341 in
1749 2284 1951 2341 vallem
1979 2285 2366 2357 decurrerent,

322 2387 401 2454 et⁸
430 2377 546 2433 tela
585 2377 958 2453 conjicerent,
987 2396 1064 2434 ne
1104 2377 1353 2453 primum
1397 2376 1629 2450 quidem
1671 2394 1840 2451 posse
1887 2376 2159 2451 impetum
2201 2396 2367 2438 suum

324 2450 590 2525 sustineri
633 2469 1048 2526 existimabant.
1133 2468 1491 2539 Accedebat,
1539 2466 1694 2542 quod
1737 2485 1873 2524 suos
1921 2467 1991 2523 ab
2044 2485 2107 2524 se
2160 2467 2369 2525 liberos

327 2560 639 2618 abstractos
665 2561 929 2617 obsidum
956 2560 1190 2618 nomine
1229 2559 1534 2628 dolebant3
1579 2569 1636 2616 et
1676 2557 1975 2615 Romanos
2020 2577 2136 2615 non
2182 2557 2369 2619 solum

327 2650 591 2708 itinerum
633 2652 828 2722 causa,
858 2651 958 2709 sed
1006 2651 1180 2709 etiam
1217 2662 1507 2727 perpetuae
1552 2649 1928 2726 possessionis
1975 2648 2229 2730 culmina
2267 2650 2429 2714 A1-3(

325 2742 480 2816 pium
508 2761 793 2817 occupare
821 2744 1038 2814 conari,
1068 2755 1126 2801 et
1153 2762 1219 2800 ea
1248 2743 1379 2810 loca
1404 2743 1658 2800 finitimae
1686 2742 1993 2818 provinciae
2039 2734 2363 2819 adjungere,

326 2833 430 2889 sibi
458 2852 787 2908 persuasum
816 2834 1117 2892 habebant.
2335 2885 2340 2888 -

400 2924 507 2982 ΙΠ.
564 2925 678 2982 His
716 2927 948 2983 nunciis
997 2925 1268 3001 acceptiS,
1295 2925 1503 2995 Galba,
1541 2945 1718 2999 quum
1758 2943 1947 2998 neque
1989 2944 2133 3001 opus
2181 2924 2367 2982 hiber-

328 3034 524 3097 norum
551 3017 1011 3091 munitionesque
1037 3018 1207 3093 plene
1237 3028 1428 3074 essent
1451 3017 1738 3092 perfectae‚
1769 3034 1955 3090 neque
1983 3016 2053 3073 de
2083 3016 2366 3074 frumento

330 3107 654 3182 reliquoque
708 3120 1033 3165 commeatu
1083 3106 1222 3165 satis
1276 3118 1429 3164 esset
1480 3107 1791 3183 provisum,
1848 3105 2022 3180 quod,
2076 3106 2366 3165 deditione

329 3198 471 3256 sacta
499 3199 906 3275 obsidibusque
936 3200 1206 3275 accepti3‚
1236 3199 1378 3256 nihil
1407 3199 1480 3255 de
1508 3199 1659 3255 bello
1698 3198 2017 3256 timendum
2045 3197 2365 3262 existimav-

328 3301 459 3362 erat,
508 3290 751 3348 consilio
791 3291 1052 3348 celeriter
1093 3303 1431 3361 convocate,
1477 3290 1791 3347 sententias
1833 3290 2131 3363 exquirere
2172 3291 2361 3363 coepit.

260 3394 268 3400 '
326 3381 460 3443 Quo
488 3382 548 3439 in
577 3384 841 3453 consili0,
871 3402 1045 3457 quum
1075 3394 1296 3442 tantum
1325 3382 1606 3464 repentini
1636 3380 1878 3456 periculi
1906 3391 2108 3455 praeter
2148 3381 2398 3457 opinio-·¹

327 3475 451 3530 nem
483 3474 805 3545 accidisset,
838 3494 906 3531 ac
948 3475 1065 3550 jam
1109 3475 1304 3544 omnia
1331 3472 1451 3531 fere
1494 3474 1787 3549 superiora
1831 3474 1959 3529 loca
2001 3472 2365 3530 multitudine

332 3577 662 3623 armatorum
728 3566 1011 3640 completa
1072 3566 1559 3640 conspicerentur,
1615 3583 1802 3639 neque
1856 3564 2111 3621 subsidio
2163 3565 2363 3624 veniri.

329 3675 505 3731 neque
560 3668 913 3714 commeatus
968 3657 1285 3731 supportari
1355 3657 1681 3728 interclusis
1749 3655 2047 3713 itineribus
2112 3665 2362 3729 possent,

334 3766 492 3822 prope
513 3748 631 3823 jam
661 3749 957 3823 desperata
985 3748 1186 3818 salute,
1217 3749 1506 3806 nonnullae
1535 3747 1861 3823 hujusmodi
1889 3746 2182 3802 sententiae
2212 3743 2366 3799 dice-

335 3838 543 3909 bantur,
573 3851 656 3910 ut,
687 3840 1372 3915 impedimentis'relictis‚
1404 3840 1701 3915 eruptione
1731 3837 1902 3905 facta,
1934 3834 2135 3914 iisdem
2173 3834 2365 3892 itiner·
2461 3857 2468 3862 ·

336 3930 467 3998 ibus,
497 3931 703 4004 quibus
732 3931 801 3988 eo
830 3932 1240 4006 pervenissent,
1273 3931 1343 3996 ad
1373 3931 1612 3987 salutem
1644 3926 2069 3999 contenderent.
2155 3923 2359 4001 Majori
2437 3915 2446 3926 ’
