2747 4376
362 270 501 328 car.
535 271 731 334 s-10.]
1096 270 1311 319 mann
1355 262 1691 329 QmN'rU‘S.
2351 272 2427 328 75

361 413 576 470 tinenti
617 413 997 489 relinquebat,
1046 414 1183 471 solis
1230 433 1444 471 occasu
1484 433 1657 474 naves
1699 413 1901 484 solvit;
1964 421 2022 470 et
2062 411 2180 469 leni
2224 410 2428 468 Africo

364 517 694 583 provectus,
724 507 914 563 media
957 507 1186 563 circiter
1236 518 1408 563 nocte
1451 517 1622 563 vento
1663 505 2004 576 intermisso,
2035 522 2266 561 cursum
2309 522 2423 560 non

366 597 576 668 tenuit,
605 608 663 655 et
701 597 932 675 longius
976 599 1198 655 delatus
1241 608 1403 669 aestu,
1432 598 1557 655 orta
1600 597 1752 667 luce,
1783 597 1888 653 sub
1931 597 2160 653 sinistra
2206 595 2423 652 Britan-

368 687 528 745 niam
555 689 816 746 relictam
857 690 1170 765 conspexit.
1254 689 1413 746 Tum
1461 708 1676 760 rursuS,
1706 689 1877 745 aestus
1918 688 2422 744 commutationem

367 791 624 851 secutuS,
652 781 826 837 remis
855 782 1170 852 contendit,
1201 792 1264 837 ut
1291 799 1418 837 eam
1445 793 1664 856 partem
1694 780 1893 843 insulae
1917 789 2166 854 caperet,
2190 779 2301 852 qua
2327 797 2423 853 op-

366 871 579 928 timum
632 890 757 930 esse
811 891 1103 950 egressum
1157 873 1447 948 superiore
1492 882 1685 929 aestate
1735 881 2094 948 cognoverat.
2176 870 2318 931 Qua
2363 870 2421 926 in

366 982 432 1031 re
463 963 771 1021 admodum
799 965 907 1022 fuit
942 964 1188 1022 militum
1230 964 1409 1020 virtus
1452 963 1758 1034 laudanda,
1788 963 1886 1038 qui
1934 961 2199 1019 vectoriis
2242 961 2422 1038 gravi-

367 1056 593 1130 busque
639 1055 902 1133 navigiis,
946 1076 1064 1113 non
1112 1056 1438 1112 intermisso
1486 1055 1805 1132 remigandi
1854 1054 2067 1125 labore,
2122 1053 2421 1130 longarum

366 1148 605 1204 navium
658 1166 911 1210 cursum,
936 1147 1324 1223 adaequarunt.
1424 1146 1746 1204 Accessum
1800 1158 1887 1204 est
1940 1146 2009 1202 ad
2066 1145 2420 1202 Britanniam

367 1239 642 1296 omnibus
684 1239 925 1307 navibus
972 1239 1292 1296 meridiano
1339 1238 1460 1295 fere
1505 1249 1791 1313 tempore:
1838 1256 2024 1312 neque
2073 1238 2132 1293 in
2176 1255 2247 1294 eo
2293 1236 2423 1294 loco

366 1331 551 1388 hostis
578 1340 665 1388 est
691 1330 864 1402 visuS,
886 1324 1094 1402 sed,'ut
1111 1341 1312 1406 postea
1339 1330 1534 1387 Caesar
1562 1348 1634 1387 ex
1661 1329 1899 1404 captivis
1926 1329 2222 1404 comperit,
2245 1347 2421 1404 quum

368 1442 595 1500 magnae
622 1441 827 1479 manus
855 1421 924 1479 eo
955 1422 1378 1492 convenissent,
1411 1421 1776 1478 multitudine
1816 1420 2047 1478 navium
2087 1420 2421 1495 perterritae,

370 1513 529 1591 (quae
578 1533 711 1571 cum
760 1513 1048 1571 annotinis
1091 1514 1458 1589 privatisque,
1503 1531 1645 1587 quas
1697 1512 1787 1569 sui
1841 1511 2080 1587 quisque
2134 1511 2421 1569 commodi

370 1605 606 1677 fecerat,
637 1604 880 1681 amplius
920 1605 1138 1662 DCCC
1181 1624 1299 1662 uno
1339 1615 1502 1662 erant
1545 1604 1677 1660 visae
1720 1606 2025 1683 tempore,)
2059 1623 2091 1660 a
2116 1603 2283 1661 litore
2311 1603 2422 1660 dis-

368 1707 680 1768 cesserant,
712 1715 780 1753 ac
807 1715 869 1754 se
897 1696 958 1753 in
986 1695 1280 1771 superiora
1306 1696 1437 1753 loca
1465 1695 1815 1752 abdiderant.

447 1787 557 1845 IX.
616 1787 830 1860 Caesar,
861 1788 1119 1864 exposito
1159 1787 1438 1859 exercim,
1468 1798 1525 1844 et
1565 1788 1695 1845 loco
1738 1787 1939 1845 castris
1979 1787 2188 1845 idoneo
2230 1798 2418 1863 capto,

368 1879 471 1936 ubi
501 1875 580 1937 ex'
600 1879 841 1956 captivis
868 1879 1158 1956 cognovit,
1187 1899 1303 1954 quo
1343 1879 1403 1935 in
1446 1879 1578 1936 loco
1618 1879 1864 1936 hostium
1907 1879 2086 1955 copiae
2132 1880 2420 1937 consedis-

367 1980 515 2043 sent,
545 1971 876 2028 cohortibus
903 1971 963 2028 X
994 1970 1064 2028 ad
1091 1989 1249 2028 mare
1277 1970 1513 2042 relictis,
1542 1981 1599 2028 et
1627 1970 1916 2045 equitibus
1944 1970 2123 2043 CCC,
2154 1971 2252 2047 qui
2280 1990 2419 2047 prae-

368 2061 518 2121 sidio
560 2063 801 2121 navibus
844 2073 1054 2135 essent,
1083 2063 1155 2120 de
1196 2063 1365 2120 tertia
1412 2062 1607 2139 vigilia
1654 2063 1724 2119 ad
1771 2063 1961 2119 hostes
2002 2063 2318 2134 contendit,
2346 2082 2419 2122 eo

366 2152 561 2213 minus
587 2142 1085 2226 veritnsnavibus,
1116 2153 1271 2231 quod
1300 2154 1358 2213 in
1387 2154 1553 2213 litore
1582 2153 1738 2212 molli
1771 2165 1940 2228 atque
1970 2165 2166 2231 aperto
2206 2155 2418 2233 deliga-

366 2258 455 2305 tas
503 2247 574 2304 ad
623 2266 891 2304 ancoram
913 2247 1316 2323 'relinquebat,
1359 2257 1419 2305 et
1453 2246 1722 2324 praesidio
1769 2247 2008 2303 navibus
2053 2246 2136 2308 Q.
2186 2246 2416 2305 Atrium

366 2338 641 2415 praefecit.
724 2338 875 2414 Ipse,
905 2350 1083 2396 noctu
1109 2358 1444 2415 progressus
1473 2338 1652 2395 millia
1691 2357 1960 2413 passuum
2003 2338 2231 2396 circiter
2277 2337 2416 2409 XII,

282 2495 289 2502 ⁸
348 2417 618 2489 'hostium
647 2430 842 2506 copias
869 2432 1235 2506 conspicatus
1262 2441 1363 2488 est.
1449 2430 1562 2502 llli,
1593 2429 1850 2504 equitatu
1894 2440 2062 2503 atque
2103 2430 2317 2486 essedis
2348 2429 2417 2486 ad

368 2522 582 2580 flumen
617 2522 923 2599 progressi,
953 2541 1023 2579 ex
1049 2523 1181 2580 loco
1221 2522 1513 2597 superiore
1560 2532 1783 2578 nostros
1825 2521 2127 2597 prohibere
2174 2531 2231 2578 et
2275 2540 2420 2596 proe·

366 2614 509 2671 lium
539 2614 895 2671 committere
937 2616 1232 2690 coeper‘urrt
1332 2613 1578 2689 Repulsi
1623 2614 1693 2670 ab
1735 2613 2012 2688 equitatu,
2041 2630 2103 2669 se
2149 2612 2210 2668 in
2251 2612 2420 2670 silvas

370 2705 732 2777 abdiderunt,
761 2705 953 2763 locum
982 2705 1139 2763 nacti
1180 2703 1413 2782 egregie
1458 2715 1516 2763 et
1560 2704 1765 2763 natura
1806 2715 1864 2763 et
1903 2722 2074 2781 opere
2113 2704 2418 2777 munitum,

367 2818 540 2873 quem
579 2797 879 2856 domestici
923 2798 1078 2869 belli,
1116 2809 1180 2855 ut
1215 2798 1531 2870 videbatur,
1561 2799 1736 2856 causa
1772 2797 1890 2874 jam
1936 2797 2065 2855 ante
2109 2817 2419 2875 praeparav-

368 2900 567 2948 erant:
629 2909 762 2947 narn
806 2890 1024 2948 crebris
1081 2890 1379 2947 arboribus
1420 2890 1664 2948 succisis
1706 2909 1905 2947 ornnes
1952 2889 2215 2948 introitus
2258 2901 2419 2949 erant

316 2993 321 3000 ’
367 2981 648 3058 praeclusi.
730 2980 849 3057 Ipsi
889 2999 961 3040 ex
1014 2980 1171 3039 silvis
1224 2981 1337 3039 rari
1383 2982 1838 3058 propugnabant,
1880 2993 2216 3056 nostrosque
2271 2982 2419 3040 intra

369 3073 718 3132 munitiones
746 3073 971 3149 ingredi
1010 3073 1406 3148 prohibebant.
1491 3073 1573 3130 At
1612 3073 1822 3131 milites
1862 3074 2105 3151 legionis
2146 3072 2283 3146 VII,
2310 3085 2420 3132 tes-

368 3165 567 3222 tudine
597 3164 771 3235 factA,
800 3174 858 3221 et
888 3168 1097 3241 aggere
1125 3164 1195 3222 ad
1223 3164 1573 3221 munitiones
1616 3164 1859 3240 adjecto,
1889 3165 2082 3222 locum
2122 3176 2417 3241 ceperunt,

367 3275 579 3332 eosque
618 3275 690 3313 ex
730 3254 887 3312 silvis
926 3256 1284 3330 expulerunt,
1325 3256 1529 3331 paucis
1574 3257 1905 3314 vulneribus
1950 3257 2216 3333 acceptis,
2301 3257 2420 3314 Sed

368 3366 466 3405 eos
495 3347 780 3424 fugientes
805 3344 1036 3423 longius
1065 3346 1258 3405 Caesar
1284 3346 1553 3422 prosequi
1587 3348 1784 3420 vetuit,
1814 3359 1871 3406 et
1910 3347 2066 3424 quod
2106 3349 2220 3406 loci
2257 3361 2421 3407 natu-

366 3458 486 3496 ram
516 3437 835 3515 ignorabat,
864 3445 931 3495 et-
949 3436 1124 3512 quod,
1153 3439 1362 3515 magna
1389 3450 1551 3514 parte
1578 3439 1696 3496 diei
1724 3441 2083 3516 consumpta,
2113 3441 2420 3499 munitioni

367 3540 684 3587 castrorum
711 3540 938 3605 tempus
965 3529 1210 3604 relinqui
1239 3530 1481 3588 volebat.
1890 3598 1895 3603 q

446 3621 526 3679 X.
580 3621 865 3679 Postridie
894 3620 1016 3696 ejus
1045 3620 1158 3678 diei
1198 3640 1367 3679 mane
1408 3621 1691 3698 tripartito
1734 3623 1944 3682 milites
1985 3624 2318 3698 equitesque
2360 3624 2420 3681 in

365 3713 788 3789 expeditionem
824 3713 998 3796 misit,
1014 3724 1092 3787 ,ut
1133 3731 1251 3787 eos,
1282 3712 1380 3787 qui
1422 3713 1705 3790 fugerant,
1733 3726 2224 3790 persequerentur.
2310 3715 2421 3772 His

367 3805 722 3881 aliquantum
769 3805 992 3863 itineris
1045 3805 1381 3882 progressiS,
1437 3825 1614 3880 quum
1656 3805 1792 3882 jam
1827 3805 2064 3863 extremi
2119 3817 2309 3865 essent
2362 3808 2419 3865 in

365 3907 692 3974 prospectu.
720 3896 945 3971 equites
987 3916 1021 3954 a
1057 3897 1138 3959 Q.
1172 3896 1342 3957 Atrio
1384 3896 1454 3954 ad
1496 3896 1786 3954 Caesarem
1827 3907 2124 3966 venerunt,
2154 3898 2250 3971 qui
2282 3919 2400 3957 nun
