2747 4376
179 3931 226 3972 f..
269 3951 280 3962 0

380 306 460 366 32
1034 301 1130 351 m:
1177 300 1409 350 maimo
1459 299 1780 349 GAmeo
2117 301 2271 364 [cst.
2306 299 2452 348 3—5.

383 461 440 507 et
469 449 754 505 frumento
782 446 1104 521 ceterisque
1135 447 1305 503 rebus
1336 446 1569 521 juvare:
1614 444 1864 518 reliquos
1904 462 2106 500 omnes
2148 442 2359 519 Belgas
2390 441 2451 500 in

370 530 555 598 'armis
582 558 740 596 esse:
782 539 1238 613 Germanosque,
1269 538 1368 612 qui
1398 537 1484 593 cis
1512 536 1788 593 Rhenum
1832 536 2112 605 incolunt,
2142 553 2269 591 sese
2310 552 2451 590 cum

382 632 471 689 his
515 630 880 707 conjunxisse
897 651 912 701 ;
954 642 1293 706 tantumque
1335 647 1463 686 esse
1506 646 1705 685 eorum
1759 627 2017 684 omnium
2064 627 2335 695 furorem,
2385 635 2452 683 ut

380 742 456 781 ne
498 723 839 780 Suessiones
878 722 1131 796 quidem,
1162 722 1363 778 fratres
1404 719 1981 796 consanguineosque
2021 737 2176 789 suos,
2210 718 2313 792 qui
2354 736 2455 775 eo-

380 814 513 872 dem
547 813 677 890 jure
717 825 775 871 et
802 812 1020 871 eisdem
1048 813 1273 889 legibus
1301 823 1555 882 utantur,
1584 829 1765 867 unum
1806 810 2112 886 imperium
2150 828 2453 884 unumque

381 906 777 982 magistratum
806 924 941 962 cum
983 905 1121 981 ipsis
1163 905 1431 975 habeant,
1460 903 1750 960 deterrere
1788 903 2099 978 potuerint,
2129 902 2270 977 quin
2311 920 2453 960 cum
2494 912 2505 919 ‘

381 997 469 1055 his
498 998 921 1055 consentirenn'

457 1088 562 1147 IV.
615 1089 823 1151 Quum
868 1089 939 1146 ab
987 1087 1077 1145 his
1131 1097 1432 1163 quaereret,
1487 1105 1615 1160 quae
1670 1084 1933 1143 civitates
1987 1097 2333 1160 quantaeque
2390 1084 2451 1142 in

383 1181 555 1238 armis
582 1192 792 1252 essent,
821 1191 878 1238 et
905 1180 1045 1259 quid
1073 1179 1133 1236 in
1164 1179 1318 1255 bello·
1338 1189 1592 1255 possent,
1622 1177 1708 1235 sic
1736 1177 2058 1254 reperiebat
2083 1199 2095 1236 :
2141 1177 2451 1253 plerosque

384 1273 593 1350 Belgas
620 1291 746 1330 esse
779 1283 934 1330 ortos
977 1272 1048 1328 ab
1088 1271 1433 1340 Germanis3
1477 1269 1870 1344 Rhenumque
1912 1268 2225 1344 antiquitus
2266 1280 2451 1327 trans-

382 1365 607 1436 ductus,
636 1362 865 1440 propter
909 1363 1024 1420 loci
1069 1363 1419 1420 fertilitatem
1463 1361 1542 1419 ibi
1592 1361 1942 1432 consedisse,
1983 1361 2316 1435 Gallosque,
2347 1360 2449 1436 qui

382 1476 453 1514 ea
477 1457 608 1514 loca
636 1444 974 1526 incolerent,
1004 1455 1321 1530 expulisse3
1366 1453 1632 1528 solosque
1660 1471 1806 1521 esse,
1835 1453 1933 1527 qui
1959 1464 2184 1528 patrum
2227 1464 2450 1510 nostro-

383 1567 509 1605 rum
538 1549 834 1618 memoria„
865 1547 1022 1604 omni
1050 1546 1241 1602 Gallia
1270 1546 1491 1616 vexata,
1521 1544 1826 1602 Teutonos
1867 1545 2253 1619 Cimbrosque
2295 1545 2445 1602 intra

383 1639 526 1696 fines
574 1659 709 1696 suos
759 1638 980 1714 ingredi
1027 1637 1439 1724 prohibuerint.
1521 1637 1664 1698 Qua
1707 1656 1778 1694 ex
1826 1655 1888 1694 re
1931 1636 2074 1708 fieri,
2117 1635 2200 1694 uti
2245 1656 2444 1695 earum

382 1749 572 1787 rerum
602 1731 877 1787 memoria
907 1748 1172 1806 magnam
1213 1729 1323 1786 sibi
1365 1731 1786 1799 auctoritatem,
1816 1747 2171 1805 magnosque
2210 1725 2445 1804 spiritus

383 1822 444 1879 in
473 1841 534 1879 re
563 1821 795 1879 militari
837 1831 1143 1878 sumerent.
1231 1820 1322 1878 De
1365 1839 1606 1877 numero
1647 1840 1846 1878 eorum
1894 1819 2090 1878 omnia
2127 1839 2191 1878 se
2232 1821 2444 1879 habere

382 1914 673 1989 explorata
739 1912 915 1970 Remi
984 1912 1275 1983 dicebant,
1331 1923 1633 1988 propterea
1699 1912 1856 1987 quod
1922 1913 2444 1988 propinquitatibus

385 2005 868 2079 affinitatibusque
921 2004 1238 2079 conjuncti,
1294 2016 1566 2079 quantam
1622 2005 1864 2079 quisque
1912 2005 2339 2063 multitudinem
2383 2007 2441 2064 in

383 2097 676 2153 communi
706 2096 1014 2173 Belgarum
1043 2095 1394 2153 concilio·ad
1424 2096 1482 2152 id
1504 2096 1719 2153 bellum
1745 2097 2036 2173 pollicitus
2065 2096 2158 2169 sit,
2193 2117 2444 2175 cognov-

381 2190 545 2247 erint.
630 2186 953 2247 Plurimum
997 2187 1142 2247 inter
1191 2207 1290 2246 eos
1319 2188 1657 2247 Bellovacos
1684 2201 1742 2247 et
1770 2190 1977 2247 virtute
2004 2201 2061 2248 et
2101 2192 2442 2251 auctoritate

382 2292 440 2339 et
467 2281 764 2338 hominurn
791 2300 1032 2338 numero
1058 2281 1282 2339 valere:
1329 2280 1434 2337 hos
1465 2300 1632 2357 posse
1675 2282 1962 2339 conficere
2005 2293 2222 2339 armata
2262 2283 2444 2342 millia

383 2385 654 2432 centum:
709 2374 996 2450 pollicitos
1039 2392 1111 2431 ex
1156 2375 1227 2431 eo
1273 2392 1517 2452 numero
1558 2374 1746 2431 electa
1794 2374 1915 2446 LX,
1964 2375 2254 2450 totiusque
2305 2376 2440 2433 belli

386 2467 684 2542 imperium
714 2466 824 2523 sibi
851 2466 1155 2541 postulare.
1241 2465 1583 2523 Suessiones
1611 2485 1746 2522 suos
1773 2485 1900 2523 esse
1939 2466 2211 2523 finitimos
2228 2488 2243 2537 ;
2289 2468 2443 2526 latis-

386 2557 558 2614 simos
588 2557 1082 2631 feracissimosque
1113 2576 1277 2632 agros
1303 2557 1611 2631 possidere.
1699 2557 1873 2633 Apud
1914 2576 2014 2615 eos
2041 2558 2216 2615 fuisse
2243 2578 2441 2637 regem

388 2650 575 2704 nostra
604 2649 776 2706 etiam
805 2647 1080 2705 memoria
1110 2647 1484 2717 Divitiacum,
1514 2648 1690 2704 totius
1715 2649 1920 2706 Galliae
1958 2651 2440 2724 potentissimum,

390 2739 479 2813 qui
508 2756 695 2812 quum,
713 2757 935 2813 magnae
961 2738 1140 2813 partis
1168 2736 1369 2794 harum
1399 2737 1722 2814 regionum,
1769 2749 1892 2796 tum
1921 2740 2095 2798 etiam
2124 2741 2441 2802 Britanniae

390 2830 683 2905 ‹mperium
738 2828 1089 2885 obtinuerit:
1158 2846 1315 2884 nunc
1369 2847 1495 2886 esse
1550 2846 1744 2904 regem
1801 2829 2083 2889 Galbam:
2157 2833 2228 2889 ad
2286 2835 2442 2892 hunc

390 2933 606 2995 propter
628 2920 909 2997 justitiam
944 2919 1422 2995 prudentiamque
1462 2933 1745 2976 summam
1786 2921 1961 2978 totius
2002 2922 2139 2980 belli
2180 2944 2441 2984 ommum

390 3013 670 3069 zoluntate
698 3011 944 3070 deferri:
988 3011 1198 3087 oppida
1225 3012 1437 3069 habere
1471 3030 1713 3068 numero
1754 3011 1913 3083 X11;
1955 3014 2219 3089 polliceri
2261 3018 2444 3077 millia

391 3116 598 3161 armata
634 3103 1086 3180 quinquaginta:
1130 3103 1369 3161 totidem
1412 3102 1679 3175 Nervios,
1709 3104 1809 3178 qui
1851 3105 2099 3166 maxime
2144 3108 2248 3165 feri
2294 3110 2442 3169 inter

387 3215 533 3271 .psos
574 3194 910 3266 habeantur,
939 3192 1390 3272 longissimeque
1434 3195 1657 3252 absint:
1701 3196 1817 3254 XV
1868 3197 2048 3256 millia
2095 3189 2438 3261 Atrebates:

383 3286 701 3343 Ambianos
727 3286 787 3344 x
817 3287 1033 3345 millia:
1077 3271 1338 3347 Mo'rinos
1366 3286 1546 3344 xxv
1590 3288 1806 3346 millia:
1850 3287 2155 3365 Menapios
2196 3290 2288 3349 lx
2318 3294 2444 3354 mu-

378 3377 493 3435 lia:
537 3367 770 3435 Caletos
818 3378 876 3435 X
923 3378 1141 3437 millia:
1186 3378 1528 3436 Velocasses
1574 3390 1633 3436 et
1679 3379 2117 3438 Veromanduos
2159 3382 2437 3445 totidem:

380 3468 721 3527 Aduatucos
765 3468 918 3526 XIX
958 3469 1165 3528 millia:
1211 3470 1565 3540 Condrusos‚
1611 3457 1934 3542 EbffroneS,
1978 3473 2274 3545 Caeraesos,
2319 3476 2442 3534 Pae-

380 3549 600 3632 ma‘nOS,
630 3560 727 3635 qui
769 3579 887 3617 uno
914 3561 1147 3618 nomine
1173 3561 1450 3619 Germani
1497 3562 1872 3638 appellantur,
1904 3565 2165 3623 arbitrari
2207 3567 2278 3623 ad
2326 3566 2440 3625 XL

380 3651 573 3709 millia.

462 3743 532 3801 V.
589 3742 803 3811 Caesar,
835 3741 1056 3800 Remos
1097 3742 1449 3815 cohortatus,
1483 3744 1909 3821 liberaliterque
1950 3748 2209 3805 oratione
2249 3768 2439 3824 prose-

359 3844 574 3903 ³cutuS,
599 3853 825 3890 ornnem
870 3845 1129 3891 senatum
1174 3834 1239 3890 ad
1284 3853 1346 3892 se
1391 3835 1718 3907 convenire,
1744 3837 2188 3913 principumque
2231 3840 2439 3900 liberos

384 3925 608 3982 obsides
639 3925 708 3982 ad
736 3944 797 3982 se
830 3926 1035 3982 adduci
1060 3926 1243 4002 jussit.
1325 3926 1481 3987 Quae
1528 3927 1721 3984 omnia
1768 3930 1837 3985 ab
1887 3929 1975 3986 his
2020 3930 2323 4006 diligenter
2370 3934 2436 3990 ad
