2747 4376
346 304 485 353 eu.
522 305 751 369 39-414
971 347 980 352 .
1072 303 1287 354 mana
1329 304 1667 365 QmN'rus.
2331 309 2411 371 87

428 447 729 507 XXXIX.
771 447 1008 524 Itaque,
1047 448 1348 506 confestim
1391 448 1641 507 dimissis
1681 450 1912 508 nunciis
1954 450 2024 507 ad
2067 450 2412 525 Ceutrones,

347 540 625 613 GrudiOS,
654 541 931 613 Levacos,
962 540 1344 612 PleumoxiOS,
1373 541 1692 613 Geidunos‚
1723 543 1821 617 qui
1850 562 2050 600 omnes
2078 544 2185 600 sub
2214 563 2412 601 eorum

351 630 597 706 imperio
623 644 774 704 sunt,
804 631 977 706 quam
1006 633 1280 689 maximas
1308 652 1511 689 manus
1536 645 1793 708 possunt,
1823 646 2040 712 cogunt
2062 655 2076 705 ς
2121 646 2179 693 et
2207 636 2279 692 de
2312 636 2413 692 im·

351 725 586 798 proviso
615 724 683 780 ad
712 723 1016 781 Ciceronis
1057 723 1298 781 hiberna
1338 725 1623 796 advolant,
1653 725 1908 784 nondum
1959 727 2028 783 ad
2077 746 2209 784 eum
2261 728 2411 785 sauna

353 816 429 872 de
475 815 697 873 Titurii
744 824 926 875 morte
967 816 1204 891 perlata.
1308 815 1471 873 Huic
1523 817 1753 891 quoque
1810 817 2042 890 accidit,
2097 820 2249 894 quod
2308 820 2414 877 suit

352 925 617 979 necesse,
638 918 703 964 ut
730 907 994 965 nonnulli
1020 907 1251 979 milites,
1274 907 1371 982 qui
1400 908 1733 985 lignationis
1755 910 2207 985 munitionisque
2236 912 2412 969 causti

356 998 419 1054 in
446 999 617 1056 silvas
644 998 1058 1069 discessissent,
1088 1000 1393 1074 repentino
1418 999 1676 1074 equitum
1719 1000 1962 1058 adventu
2009 1001 2414 1078 interciperen-

355 1100 468 1147 tur.
554 1090 666 1147 His
694 1090 1121 1162 circumventiS,
1152 1091 1560 1168 magnamanu
1592 1091 1913 1165 EburoneS,
1942 1093 2166 1166 Nervii,
2199 1095 2415 1152 Aduat·
2452 1159 2457 1163 ,

357 1181 456 1238 uci
502 1193 673 1257 atque
711 1182 914 1239 horum
943 1182 1201 1240 omnium
1228 1182 1375 1240 socii
1402 1192 1460 1240 et
1488 1182 1730 1241 clientes
1756 1184 2044 1262 legionem
2084 1204 2414 1262 oppugnare

359 1272 688 1348 incipiunt:
733 1273 913 1331 nostri
958 1273 1221 1331 celeriter
1270 1274 1339 1330 ad
1391 1293 1548 1331 arma
1591 1286 1965 1348 concurrunt,
2020 1277 2227 1334 vallum
2283 1296 2417 1334 con-

359 1356 660 1422 scendunt.
744 1365 924 1443 AEgre
946 1365 1002 1423 vis
1029 1365 1153 1424 dies
1180 1375 1552 1439 sustentatur,
1582 1365 1737 1441 quod
1764 1385 1997 1424 omnem
2025 1386 2185 1443 spem
2229 1368 2418 1426 hostes

360 1456 423 1513 in
467 1456 759 1515 celeritate
799 1458 1109 1533 ponebant,
1157 1467 1347 1532 atque,
1390 1458 1542 1515 hanc
1587 1457 1776 1533 adepti
1821 1458 2139 1531 victoriam,
2187 1460 2247 1517 in
2293 1478 2417 1537 per·

359 1558 601 1624 petuum
629 1567 692 1606 se
720 1548 840 1607 fore
867 1549 1114 1607 victores
1142 1549 1526 1607 confidebant.
1759 1607 1765 1630 t

440 1639 571 1698 XL.
628 1639 940 1697 Mittuntur
973 1641 1044 1697 ad
1085 1640 1376 1699 Caesarem
1422 1641 1725 1700 confestim
1769 1643 1841 1700 ab
1887 1643 2176 1701 Cicerone
2218 1643 2415 1716 literae,

361 1732 586 1808 magnis
625 1732 929 1807 propositis
969 1732 1240 1808 praemiis,
1282 1732 1332 1790 si
1373 1733 1756 1809 pertulissent.
1838 1734 2108 1792 Obsessis
2150 1736 2418 1794 omnibus

360 1822 486 1894 viis,
516 1823 676 1881 missi
717 1823 1176 1900 intercipiuntur.
1257 1824 1457 1883 Noctu
1491 1843 1563 1882 ex
1595 1826 1665 1883 ea
1703 1827 1962 1897 materia,
1993 1846 2163 1901 quam
2207 1828 2419 1885 munit-

361 1914 511 1973 ionis
551 1915 727 1973 causa
769 1927 1283 1992 comportaverant,
1311 1927 1500 1975 turres
1528 1917 1833 1975 admodum
1874 1918 2053 1976 CXX
2094 1921 2417 1976 excitantur

362 2007 688 2065 incredibili
729 2008 1062 2067 celeritate:
1107 2028 1234 2084 quae
1282 2008 1484 2067 deesse
1524 2009 1683 2084 operi
1724 2009 2086 2081 videbantur,
2113 2009 2420 2087 perficiun-

307 2129 318 2137 ‚
363 2109 472 2157 tur.
559 2100 773 2158 Hostes
797 2110 1027 2177 postero
1053 2100 1168 2173 die,
1195 2100 1379 2158 multo
1405 2100 1715 2177 majoribus
1741 2102 1923 2177 copiis
1964 2101 2201 2173 coactis„
2232 2114 2416 2161 castra

360 2204 718 2270 oppugnant,
762 2182 973 2251 fossam
1012 2194 1317 2269 complent.
1402 2193 1499 2250 Ab
1542 2194 1752 2251 nostris
1790 2193 1992 2251 eadem
2034 2194 2274 2265 ratione,
2305 2195 2417 2269 qud

267 2359 275 2369 ἱ
360 2285 565 2361 pridie,
595 2285 875 2343 resistitur
899 2304 914 2344 ε
957 2285 1069 2342 hoc
1096 2284 1249 2342 idem
1277 2284 1554 2360 deinceps
1581 2284 1818 2359 reliquis
1846 2283 1909 2341 fit
1937 2284 2156 2342 diebus.
2241 2284 2421 2342 Nulla

305 2390 311 2398 ’
360 2396 494 2452 pars
536 2376 805 2435 nocturni
853 2376 1125 2452 temporis
1174 2376 1244 2433 ad
1291 2376 1547 2434 laborem
1595 2376 2023 2434 intermittitur:
2067 2395 2182 2433 non
2230 2375 2419 2452 aegris,

362 2487 479 2524 non
520 2469 831 2527 vulneratis
873 2468 1117 2526 facultas
1155 2467 1365 2543 quietis
1405 2467 1610 2525 datur:
1652 2485 2030 2542 quaecumque
2073 2467 2142 2524 ad
2175 2466 2419 2543 proximi

363 2560 480 2618 diei
543 2560 1025 2638 oppugnationem
1082 2578 1227 2636 opus
1279 2569 1434 2631 sunt,
1488 2568 1665 2616 noctu
1721 2568 2157 2634 comparantur:
2226 2559 2419 2616 multae

361 2663 628 2729 praeustas
652 2652 844 2724 sudeS,
872 2671 1115 2728 magnus
1142 2650 1447 2708 muralium
1471 2650 1718 2726 pilorum
1750 2669 2025 2708 numerus
2064 2649 2416 2721 instituitur;

329 2754 550 2801 ·turres
591 2744 1050 2814 contabulantur,
1079 2743 1270 2818 pinnae
1310 2742 1621 2816 loricaeque
1662 2760 1734 2799 ex
1779 2742 2032 2799 cratibus
2074 2752 2415 2800 attexuntur.

363 2834 496 2910 Ipse
524 2834 738 2892 Cicero
777 2854 953 2910 quum
1000 2833 1339 2893 tenuissima
1381 2833 1708 2891 valetudine
1755 2845 1923 2905 esset,
1952 2852 2026 2891 ne
2072 2845 2418 2892 nocturnum

364 2927 598 3001 quidem
626 2926 735 2983 sibi
776 2938 1001 3001 tempus
1044 2925 1113 2981 ad
1159 2924 1409 2999 quietem
1458 2925 1835 2999 relinquebat,
1865 2935 1929 2982 ut
1976 2925 2127 2983 ultro
2171 2925 2416 2983 militum

363 3015 653 3076 concursu'
683 3037 749 3075 ac
778 3018 1014 3075 vocibus
1041 3017 1151 3074 sibi
1177 3035 1418 3092 parcere
1446 3028 1764 3093 cogeretur.

444 3108 604 3168 XLI.
659 3109 838 3167 Tunc
891 3110 1071 3166 duces
1122 3108 1528 3184 principesque
1590 3107 1959 3178 Nerviorum,
2015 3107 2114 3181 qui
2171 3107 2417 3182 aliquem

364 3200 645 3259 sermonis
673 3201 888 3258 aditum
917 3218 1264 3274 causamque
1294 3199 1561 3257 amicitiae
1605 3218 1738 3255 cum
1780 3198 2069 3256 Cicerone
2110 3197 2417 3272 habebant,

365 3284 618 3367 colloqui
657 3311 783 3350 sese
822 3292 969 3349 velle
1010 3291 1226 3348 dicunt.
1309 3290 1493 3348 Facta
1532 3300 1831 3365 potestate,
1861 3290 2083 3362 eadem,
2112 3309 2238 3365 quoe
2280 3292 2420 3349 Am-

271 3374 277 3380 ’
361 3383 551 3441 biorix
605 3402 738 3440 cum
792 3382 1028 3440 Titurio
1074 3394 1288 3459 egerat,
1334 3392 1804 3452 commemorant,
1859 3387 1876 3415 ‘
1895 3401 2126 3440 omnem
2179 3401 2304 3440 esse
2359 3384 2419 3440 in

367 3475 541 3533 armis
574 3475 843 3546 Galliam,
872 3475 1194 3532 Germanos
1240 3474 1517 3530 Rhenum
1563 3472 1854 3545 transisse,
1883 3473 2130 3531 Caesaris
2177 3473 2420 3549 reliquo-

364 3585 608 3642 rumque
635 3566 876 3624 hiberna
914 3565 1267 3642 oppugnari!
1353 3564 1594 3622 Addunt
1641 3565 1815 3622 etiam
1860 3565 1932 3623 de
1974 3565 2176 3622 Sabini
2217 3579 2416 3622 morte.

261 3672 298 3689 ··
357 3658 763 3736 *Ambiorigem
810 3667 1097 3715 ostentant
1157 3657 1290 3714 fidei
1346 3657 1631 3714 faciundae
1699 3657 1914 3714 causa:
1988 3662 2005 3690 ‘
2029 3656 2238 3714 Errare
2283 3656 2415 3713 eos’

362 3751 587 3822 dicunt,
630 3750 714 3808 ‘si
756 3750 1068 3826 quidquam
1113 3750 1192 3819 ab,
1227 3749 1316 3806 his
1361 3749 1609 3825 praesidii
1654 3760 1900 3825 sperent,
1948 3749 2047 3824 qui
2091 3748 2209 3805 suis
2248 3748 2419 3804 rebus

363 3842 656 3914 diffidant;
699 3861 825 3901 sese
851 3854 1044 3900 tamen
1073 3842 1184 3899 hoc
1226 3860 1349 3899 esse
1393 3841 1451 3898 in
1495 3841 1841 3899 Ciceronem
1881 3840 2272 3916 populumque
2300 3838 2419 3909 Ro·

367 3954 598 3992 manum
630 3934 838 4003 animo,
870 3945 930 3992 ut
972 3934 1114 3991 nihil
1163 3934 1271 3995 nisi
1321 3933 1562 3993 hiberna
1612 3944 1897 4002 recusent,
1930 3942 2096 4006 atque
2139 3931 2289 3988 hanc
2337 3930 2415 3990 in-
