2747 4376
339 322 474 368 cn.
509 323 587 381 39
622 324 721 383 ⁴⁰]
1086 320 1297 368 mnan
1344 320 1626 369 ennius.
2324 323 2405 380 23

343 463 643 522 babantur.
726 464 850 526 Qui
900 483 961 521 se
1011 483 1078 521 ex
1124 464 1211 521 his
1254 463 1447 521 minus
1495 464 1725 521 timidos
1767 465 2076 521 existimari
2120 466 2403 536 volebant,

341 574 460 612 non
503 575 564 614 se
610 557 829 614 hostem
880 557 1078 627 vereri,
1108 557 1207 613 sed
1254 556 1545 633 angustias
1590 556 1809 613 itineris
1850 569 1907 613 et
1948 556 2401 633 magnitudinem

341 647 637 719 silvarum,
667 668 792 722 quae
837 648 1257 705 intercederent
1299 649 1445 705 inter
1489 649 1640 723 ipsos
1689 659 1858 722 atque
1899 648 2273 718 Ariovistum,
2304 660 2398 705 aut

341 757 464 796 rem
494 739 941 811 frumentariam,
973 755 1034 796 ut
1074 740 1213 797 satis
1253 740 1555 815 commode
1597 740 1913 815 supportari
1952 752 2162 815 posset,
2192 741 2396 797 timere
2429 776 2558 833 Mt.

343 830 630 888 dicebant.
713 829 995 888 Nonnulli
1044 832 1216 888 etiam
1260 832 1474 895 Caesari
1518 832 1953 902 renunciabant,
1996 850 2172 906 quum
2213 842 2400 888 castra

220 933 266 996 ><
343 922 559 980 moveri
590 941 658 979 ac
685 922 847 1000 signa
876 923 1009 980 ferri
1045 923 1324 999 jussisset,
1354 942 1471 979 non
1509 914 2141 1021 foregdictosaudientes
2168 922 2397 994 militeS,

316 1034 453 1089 ‘nec
479 1026 708 1091 propter
736 1016 997 1073 timorem
1025 1017 1190 1093 signa
1216 1016 1447 1074 laturos.

420 1106 552 1166 XL.
613 1100 761 1164 Haec
806 1126 981 1183 quum
1033 1093 1541 1179 animadrertisset,
1588 1118 1908 1165 convocato
1962 1107 2232 1178 concili0,
2280 1126 2398 1165 om·
2453 1168 2462 1179 ‚

341 1199 620 1273 niumque
647 1199 910 1256 ordinum
941 1198 1011 1255 ad
1041 1199 1099 1257 id
1127 1200 1442 1256 concilium
1466 1199 1734 1257 adhibitis
1755 1200 2209 1271 centurionibus,
2232 1198 2399 1256 vehe-

342 1301 566 1347 menter
594 1308 694 1347 eos
720 1290 1032 1348 incusavit:
1079 1298 1093 1322 ‘
1117 1289 1389 1366 primam,
1420 1289 1574 1364 quad
1604 1303 1701 1349 aut
1728 1309 1899 1365 quam
1930 1290 1989 1347 in
2028 1301 2270 1366 partem,
2301 1301 2399 1348 aut

341 1401 459 1456 quo
487 1378 730 1439 consilio
756 1380 1121 1453 ducerentur,
1150 1382 1260 1438 sibi
1288 1371 1658 1457 quaerendum
1702 1393 1799 1439 aut
1838 1382 2209 1458 cogitandum
2237 1392 2399 1457 puta·

343 1485 486 1530 rent.
598 1474 969 1545 Ariovistum,
1026 1492 1088 1530 se
1148 1472 1404 1544 consule,
1461 1470 1832 1549 cupidissime
1889 1473 2086 1549 populi
2144 1472 2395 1531 Romani

344 1564 654 1622 amicitiam
687 1565 1004 1640 appetisse3
1049 1583 1153 1622 cur
1182 1565 1338 1622 hunc
1365 1576 1485 1623 tam
1513 1577 1729 1622 temere
1770 1566 2068 1639 quisquam
2108 1565 2178 1620 ab
2206 1565 2398 1622 officio

342 1655 727 1713 discessurum
764 1657 1087 1732 judicaret?
1171 1657 1298 1713 Sibi
1340 1657 1570 1731 quidem
1607 1657 1958 1732 persuaderi,
1989 1657 2238 1734 cognitis
2278 1657 2396 1715 suis

341 1749 660 1824 postulatiS,
700 1760 869 1822 atque
916 1749 1181 1822 {equitate
1230 1748 1627 1806 conditionum
1669 1749 1988 1823 perspecta,
2033 1768 2164 1804 eum
2209 1767 2396 1823 neque

342 1859 506 1896 suam
536 1859 723 1914 neque
769 1841 963 1915 populi
1015 1840 1269 1897 Romani
1312 1841 1553 1917 gratiam
1597 1841 2040 1915 repudiaturum.
2121 1839 2304 1901 Quod
2346 1840 2393 1897 si

344 1930 534 1988 furore
577 1943 744 2006 atque
787 1932 1035 1989 amentia
1078 1932 1352 2006 impulsus
1396 1932 1605 1989 bellum
1657 1933 1956 2003 intulisset,
1987 1932 2120 2006 quid
2163 1932 2393 1989 tandem

345 2025 713 2080 vererentur?
759 2033 855 2080 aut
883 2042 984 2080 cur
1014 2023 1086 2080 de
1113 2024 1218 2080 sua
1247 2024 1454 2107 virtute
1485 2028 1580 2080 aut
1597 2023 1673 2083 de
1714 2024 1891 2099 ipsius
1933 2024 2231 2100 diligentia
2272 2024 2396 2081 des-

342 2116 646 2190 perarent?
729 2115 973 2171 Factum
1020 2115 1143 2191 ejus
1192 2115 1369 2172 hostis
1422 2116 1737 2191 periculum
1794 2127 2016 2191 patrum
2073 2126 2390 2172 nostrorum

346 2204 641 2277 memoria,
683 2226 893 2282 quum„
923 2206 1175 2264 Cimbris
1215 2219 1272 2264 et
1314 2206 1602 2294 Teutonjs
1646 2227 1677 2264 a
1704 2207 1772 2264 C.
1821 2206 2009 2264 Mario
2049 2195 2246 2282 pulsis,
2277 2226 2391 2265 non

302 2283 622 2376 (minorem
650 2299 877 2356 laudem
907 2299 1211 2369 exercituS,
1240 2297 1412 2373 quarn
1457 2291 1576 2374 ips‘e
1619 2300 1940 2373 imperator,
1971 2298 2205 2355 meritus
2245 2299 2394 2355 vide-

346 2390 509 2447 batur
534 2409 547 2447 :
591 2390 804 2447 factum
834 2391 1006 2454 etiarn
1035 2409 1216 2465 nuper
1246 2391 1305 2447 in
1334 2389 1503 2448 Italia
1533 2390 1720 2447 servili
1750 2389 2016 2458 tumultu,
2039 2409 2181 2463 quos
2201 2401 2390 2446 tamen

213 2516 220 2523 -
264 2482 343 2546 s
345 2482 557 2556 aliquid
601 2501 737 2539 usus
779 2500 846 2538 ac
886 2481 1209 2557 disciplina,
1239 2501 1409 2556 quam
1455 2501 1487 2538 a
1527 2482 1694 2538 nobis
1738 2481 2109 2555 accepissent,
2141 2481 2394 2537 subleva-

192 2585 201 2590 “
343 2589 485 2631 rent.
570 2573 657 2630 Ex
683 2592 798 2648 quo
818 2574 1064 2649 judicari
1099 2585 1310 2648 posset,
1340 2584 1617 2648 quantum
1660 2572 1893 2629 haberet
1922 2573 1979 2628 in
2008 2590 2068 2629 se
2099 2572 2231 2628 boni
2260 2592 2393 2628 con-

343 2666 585 2734 stantia3
626 2677 926 2741 propterea
969 2664 1143 2738 quod,
1173 2684 1315 2739 quos
1366 2665 1714 2740 aliquamdiu
1766 2665 2013 2720 inermos
2053 2664 2177 2720 sine
2218 2666 2389 2721 causa

341 2757 686 2828 timuissent,
716 2758 820 2814 hos
858 2767 1057 2832 postea
1099 2761 1342 2813 armatos
1386 2775 1453 2812 ac
1495 2757 1739 2813 victores
1780 2755 2155 2830 superassent.
2239 2756 2393 2812 Den-

343 2848 477 2923 ique
520 2849 624 2904 hos
666 2867 790 2905 esse
834 2849 1086 2918 eosdem,
1137 2848 1478 2922 quibuscum
1527 2866 1918 2922 saepenumero
1962 2847 2210 2904 Helvetii
2260 2867 2394 2904 con-

255 2951 262 2957 ·
341 2940 521 3016 gressi
549 2959 665 2997 non
693 2938 876 2998 solam
905 2941 965 2997 in
994 2940 1112 2996 suis
1139 2938 1238 2996 sed
1267 2940 1441 2995 etiam
1471 2939 1527 2995 in
1557 2939 1781 2995 illorum
1808 2938 2035 3008 finibus,
2057 2937 2393 3013 plerumque

342 3032 683 3107 superarint,
714 3033 812 3107 qui
840 3044 1032 3089 tamen
1059 3045 1378 3105 pares‘esse
1405 3041 1601 3087 nostro
1632 3031 1888 3090 exercitu
1931 3050 2044 3087 non
2086 3019 2389 3106 potuerint.

343 3124 406 3180 Si
438 3144 578 3198 quos
609 3109 906 3181 adversum
931 3124 1193 3198 proelium
1221 3134 1279 3179 et
1321 3121 1457 3198 fuga
1495 3122 1792 3178 Gallorum
1834 3133 2237 3193 commoveret,
2268 3123 2391 3192 hos,

341 3216 388 3272 si
418 3225 756 3290 quaererent,
786 3215 1034 3289 reperire
1060 3233 1246 3289 posse,
1276 3214 1650 3270 diuturnitate
1678 3213 1810 3270 belli
1840 3214 2164 3290 defatigatis
2190 3213 2390 3278 Gallis.

344 3303 717 3377 Ariovistum,
748 3326 922 3381 quum
951 3307 1157 3363 multos
1185 3324 1411 3362 menses
1439 3306 1641 3362 castris
1668 3324 1730 3362 se
1760 3323 1826 3360 ac
1853 3305 2155 3380 paludibus
2182 3306 2394 3363 tenuis-

341 3410 446 3469 set,
476 3403 669 3484 neque}
692 3391 1144 3483 suilpotestatem
1177 3397 1425 3467 fecisset,
1456 3397 1822 3472 desperantes
1857 3397 1973 3472 jam
2015 3397 2086 3455 de
2113 3399 2306 3473 pugna
2336 3408 2393 3455 et

342 3490 626 3565 dispersos
654 3487 844 3547 subito
885 3490 1163 3560 adortum,
1192 3488 1377 3564 magis
1423 3489 1642 3546 ratione
1692 3499 1747 3545 et
1795 3489 2036 3546 consilio
2075 3488 2245 3564 quam
2287 3489 2395 3546 vir-

342 3592 463 3638 tute
507 3581 729 3639 vicisse.
764 3596 770 3605 ·
816 3581 931 3637 Cui
972 3580 1179 3637 rationi
1229 3590 1431 3636 contra
1471 3581 1730 3637 homines
1774 3581 2041 3637 barbaros
2085 3594 2252 3654 atque
2292 3581 2395 3636 im-

343 3673 554 3748 peritos
606 3673 770 3730 locus
818 3672 1035 3743 fuisset,
1085 3672 1194 3727 hac
1242 3690 1315 3727 ne
1364 3672 1549 3745 ipsum
1606 3671 1834 3746 quidem
1892 3691 2117 3745 sperare
2171 3683 2392 3730 nostros

343 3765 627 3821 exercitus
663 3764 808 3838 capi·
832 3755 1015 3838 posse.
1096 3762 1222 3823 Qui
1266 3781 1430 3818 suum
1478 3763 1735 3818 timorem
1781 3764 1836 3819 in
1886 3764 1966 3819 rei
2013 3761 2392 3818 frumentariae

344 3855 761 3912 simulationem
815 3844 1217 3931 angustiasque
1261 3854 1483 3911 itineris
1525 3854 1869 3924 conferrent,
1900 3855 2088 3910 facere
2133 3872 2392 3929 arrogan-

345 3962 448 4017 ter,
479 3965 653 4021 quum
685 3956 779 4002 aut
809 3946 880 4002 de
920 3946 1110 4002 officio
1152 3946 1508 4020 imperatoris
1551 3945 1847 4018 desperare
1892 3956 1986 4000 aut
2028 3943 2390 4016 praescribere
2431 3955 2434 3960 '
